
  <record>
    <header>
      <identifier>oai:katalog.cbvk.cz:CbvkUsCat/m0054816</identifier>
      <datestamp>2018-08-06T14:24:32Z</datestamp>
      <setSpec>RDIG1</setSpec>
    </header>
    <metadata>
<marc:record
  xmlns:marc="http://www.loc.gov/MARC21/slim"
  xmlns:xsi="http://www.w3.org/2001/XMLSchema-instance"
  xsi:schemaLocation="http://www.loc.gov/MARC21/slim
  http://www.loc.gov/standards/marcxml/schema/MARC21slim.xsd">
  <marc:leader>00000nam a22     3a 4500</marc:leader>
  <marc:controlfield tag="001">m0054816</marc:controlfield>
  <marc:controlfield tag="003">CZ-CbJVK</marc:controlfield>
  <marc:controlfield tag="005">20180806142432.0</marc:controlfield>
  <marc:controlfield tag="007">ta</marc:controlfield>
  <marc:controlfield tag="008">980908s1913----xr-af--e------001-0-cze-d</marc:controlfield>
  <marc:datafield tag="015" ind1=" " ind2=" ">
    <marc:subfield code="a">cnb000344159</marc:subfield>
  </marc:datafield>
  <marc:datafield tag="040" ind1=" " ind2=" ">
    <marc:subfield code="a">CBA001</marc:subfield>
    <marc:subfield code="b">cze</marc:subfield>
  </marc:datafield>
  <marc:datafield tag="043" ind1=" " ind2=" ">
    <marc:subfield code="a">e-xr---</marc:subfield>
    <marc:subfield code="b">e-xr-jc</marc:subfield>
    <marc:subfield code="2">czenas</marc:subfield>
  </marc:datafield>
  <marc:datafield tag="045" ind1=" " ind2=" ">
    <marc:subfield code="a">q-w-</marc:subfield>
  </marc:datafield>
  <marc:datafield tag="072" ind1=" " ind2="7">
    <marc:subfield code="a">94(437)</marc:subfield>
    <marc:subfield code="x">Dějiny Česka a Slovenska</marc:subfield>
    <marc:subfield code="9">8</marc:subfield>
    <marc:subfield code="2">Konspekt</marc:subfield>
  </marc:datafield>
  <marc:datafield tag="080" ind1=" " ind2=" ">
    <marc:subfield code="a">94(437.319)</marc:subfield>
    <marc:subfield code="2">MRF</marc:subfield>
  </marc:datafield>
  <marc:datafield tag="080" ind1=" " ind2=" ">
    <marc:subfield code="a">(048.8)</marc:subfield>
    <marc:subfield code="2">MRF</marc:subfield>
  </marc:datafield>
  <marc:datafield tag="100" ind1="1" ind2=" ">
    <marc:subfield code="a">Sedláček, August,</marc:subfield>
    <marc:subfield code="d">1843-1926</marc:subfield>
    <marc:subfield code="7">jk01110465</marc:subfield>
    <marc:subfield code="4">aut</marc:subfield>
  </marc:datafield>
  <marc:datafield tag="245" ind1="1" ind2="0">
    <marc:subfield code="a">Dějiny královského krajského města Písku nad Otavou.</marc:subfield>
    <marc:subfield code="n">Díl III.,</marc:subfield>
    <marc:subfield code="p">Dějiny zvláštních částí /</marc:subfield>
    <marc:subfield code="c">sepsal August Sedláček</marc:subfield>
  </marc:datafield>
  <marc:datafield tag="246" ind1="3" ind2="0">
    <marc:subfield code="a">Dějiny zvláštních částí</marc:subfield>
  </marc:datafield>
  <marc:datafield tag="260" ind1=" " ind2=" ">
    <marc:subfield code="a">V Písku :</marc:subfield>
    <marc:subfield code="b">Nákladem obce Písecké,</marc:subfield>
    <marc:subfield code="c">1913</marc:subfield>
  </marc:datafield>
  <marc:datafield tag="300" ind1=" " ind2=" ">
    <marc:subfield code="a">482, xvi s., [28] s. obr. příl. :</marc:subfield>
    <marc:subfield code="b">il.</marc:subfield>
  </marc:datafield>
  <marc:datafield tag="500" ind1=" " ind2=" ">
    <marc:subfield code="a">Obsahuje rejstřík</marc:subfield>
  </marc:datafield>
  <marc:datafield tag="648" ind1=" " ind2="4">
    <marc:subfield code="a">13.-19. století</marc:subfield>
    <marc:subfield code="7">ch757059</marc:subfield>
  </marc:datafield>
  <marc:datafield tag="651" ind1=" " ind2="4">
    <marc:subfield code="a">Písek (Česko)</marc:subfield>
    <marc:subfield code="x">dějiny</marc:subfield>
    <marc:subfield code="y">13.-19. století</marc:subfield>
  </marc:datafield>
  <marc:datafield tag="655" ind1=" " ind2="7">
    <marc:subfield code="a">monografie</marc:subfield>
    <marc:subfield code="7">fd132842</marc:subfield>
    <marc:subfield code="2">czenas</marc:subfield>
  </marc:datafield>
  <marc:datafield tag="856" ind1="4" ind2="1">
    <marc:subfield code="3">Digitalizovaný dokument</marc:subfield>
    <marc:subfield code="u">http://kramerius.cbvk.cz/search/i.jsp?pid=uuid:d9e1c8ce-946b-48e1-b351-dfd5cea03305&amp;q=#monograph-page_uuid:254392b6-7066-11e7-bd8f-001b63bd97ba</marc:subfield>
    <marc:subfield code="y">Digitalizovaný dokument</marc:subfield>
  </marc:datafield>
  <marc:datafield tag="910" ind1=" " ind2=" ">
    <marc:subfield code="a">CBA001</marc:subfield>
  </marc:datafield>
  <marc:datafield tag="911" ind1=" " ind2=" ">
    <marc:subfield code="a">CBA001</marc:subfield>
    <marc:subfield code="d">zdigitalizováno</marc:subfield>
    <marc:subfield code="u">http://kramerius.cbvk.cz/search/i.jsp?pid=uuid:d9e1c8ce-946b-48e1-b351-dfd5cea03305&amp;q=#monograph-page_uuid:254392b6-7066-11e7-bd8f-001b63bd97ba</marc:subfield>
  </marc:datafield>
</marc:record>
    </metadata>
  </record>