
  <record>
    <header>
      <identifier>oai:katalog.cbvk.cz:CbvkUsCat/m0054973</identifier>
      <datestamp>2018-08-06T14:24:33Z</datestamp>
      <setSpec>RDIG1</setSpec>
    </header>
    <metadata>
<marc:record
  xmlns:marc="http://www.loc.gov/MARC21/slim"
  xmlns:xsi="http://www.w3.org/2001/XMLSchema-instance"
  xsi:schemaLocation="http://www.loc.gov/MARC21/slim
  http://www.loc.gov/standards/marcxml/schema/MARC21slim.xsd">
  <marc:leader>00000nam a22     3a 4500</marc:leader>
  <marc:controlfield tag="001">m0054973</marc:controlfield>
  <marc:controlfield tag="003">CZ-CbJVK</marc:controlfield>
  <marc:controlfield tag="005">20180806142433.7</marc:controlfield>
  <marc:controlfield tag="007">ta</marc:controlfield>
  <marc:controlfield tag="008">010404s1934----xr------------001-0-cze-d</marc:controlfield>
  <marc:datafield tag="015" ind1=" " ind2=" ">
    <marc:subfield code="a">cnb000945810</marc:subfield>
  </marc:datafield>
  <marc:datafield tag="035" ind1=" " ind2=" ">
    <marc:subfield code="a">(OCoLC)85526675</marc:subfield>
  </marc:datafield>
  <marc:datafield tag="040" ind1=" " ind2=" ">
    <marc:subfield code="a">CBA001</marc:subfield>
    <marc:subfield code="b">cze</marc:subfield>
  </marc:datafield>
  <marc:datafield tag="043" ind1=" " ind2=" ">
    <marc:subfield code="a">e-xr---</marc:subfield>
    <marc:subfield code="b">e-xr-jc</marc:subfield>
    <marc:subfield code="2">czenas</marc:subfield>
  </marc:datafield>
  <marc:datafield tag="045" ind1=" " ind2=" ">
    <marc:subfield code="a">v-v-</marc:subfield>
  </marc:datafield>
  <marc:datafield tag="072" ind1=" " ind2="7">
    <marc:subfield code="a">94(437)</marc:subfield>
    <marc:subfield code="x">Dějiny Česka a Slovenska</marc:subfield>
    <marc:subfield code="9">8</marc:subfield>
    <marc:subfield code="2">Konspekt</marc:subfield>
  </marc:datafield>
  <marc:datafield tag="080" ind1=" " ind2=" ">
    <marc:subfield code="a">908(437.319)</marc:subfield>
    <marc:subfield code="2">MRF</marc:subfield>
  </marc:datafield>
  <marc:datafield tag="080" ind1=" " ind2=" ">
    <marc:subfield code="a">94(437.31)</marc:subfield>
    <marc:subfield code="2">MRF</marc:subfield>
  </marc:datafield>
  <marc:datafield tag="100" ind1="1" ind2=" ">
    <marc:subfield code="a">Sakař, Josef,</marc:subfield>
    <marc:subfield code="d">1870-1937</marc:subfield>
    <marc:subfield code="7">jk01110314</marc:subfield>
    <marc:subfield code="4">aut</marc:subfield>
  </marc:datafield>
  <marc:datafield tag="245" ind1="1" ind2="0">
    <marc:subfield code="a">Dějiny města Týna nad Vltavou a okolí.</marc:subfield>
    <marc:subfield code="n">Díl II.,</marc:subfield>
    <marc:subfield code="p">Století osmnácté /</marc:subfield>
    <marc:subfield code="c">napsal Josef Sakař</marc:subfield>
  </marc:datafield>
  <marc:datafield tag="246" ind1="3" ind2="0">
    <marc:subfield code="a">Století osmnácté</marc:subfield>
  </marc:datafield>
  <marc:datafield tag="260" ind1=" " ind2=" ">
    <marc:subfield code="a">V Týně nad Vltavou :</marc:subfield>
    <marc:subfield code="b">Nákladem Bohuslava Kučery,</marc:subfield>
    <marc:subfield code="c">1934</marc:subfield>
  </marc:datafield>
  <marc:datafield tag="300" ind1=" " ind2=" ">
    <marc:subfield code="a">173 s.</marc:subfield>
  </marc:datafield>
  <marc:datafield tag="504" ind1=" " ind2=" ">
    <marc:subfield code="a">Obsahuje biblografické odkazy a rejstřík</marc:subfield>
  </marc:datafield>
  <marc:datafield tag="648" ind1=" " ind2="4">
    <marc:subfield code="a">18. století</marc:subfield>
    <marc:subfield code="7">ch460556</marc:subfield>
  </marc:datafield>
  <marc:datafield tag="651" ind1=" " ind2="7">
    <marc:subfield code="a">Týn nad Vltavou (Česko)</marc:subfield>
    <marc:subfield code="x">dějiny</marc:subfield>
    <marc:subfield code="y">18. století</marc:subfield>
    <marc:subfield code="7">ge131194</marc:subfield>
    <marc:subfield code="2">czenas</marc:subfield>
  </marc:datafield>
  <marc:datafield tag="651" ind1=" " ind2="7">
    <marc:subfield code="a">Týn nad Vltavou (Česko : oblast)</marc:subfield>
    <marc:subfield code="x">dějiny</marc:subfield>
    <marc:subfield code="y">18. století</marc:subfield>
    <marc:subfield code="7">ge213350</marc:subfield>
    <marc:subfield code="2">czenas</marc:subfield>
  </marc:datafield>
  <marc:datafield tag="655" ind1=" " ind2="7">
    <marc:subfield code="a">monografie</marc:subfield>
    <marc:subfield code="7">fd132842</marc:subfield>
    <marc:subfield code="2">czenas</marc:subfield>
  </marc:datafield>
  <marc:datafield tag="787" ind1="0" ind2="8">
    <marc:subfield code="i">Též přívazek k:</marc:subfield>
    <marc:subfield code="a">Sakař, Josef</marc:subfield>
    <marc:subfield code="t">Dějiny města Týna nad Vltavou a okolí</marc:subfield>
    <marc:subfield code="b">2. dopl. vyd.</marc:subfield>
    <marc:subfield code="h">ix, 235 s.</marc:subfield>
    <marc:subfield code="d">V Týně nad Vltavou : Nákladem Bohuslava Kučery, 1935</marc:subfield>
    <marc:subfield code="g">Díl I., Do zániku hradu Týna r. 1698</marc:subfield>
  </marc:datafield>
  <marc:datafield tag="787" ind1="0" ind2="8">
    <marc:subfield code="i">Též přívazek k:</marc:subfield>
    <marc:subfield code="a">Sakař, Josef</marc:subfield>
    <marc:subfield code="t">Dějiny města Týna nad Vltavou a okolí</marc:subfield>
    <marc:subfield code="b">2., dopl. vyd.</marc:subfield>
    <marc:subfield code="h">ix, 235 s.</marc:subfield>
    <marc:subfield code="d">V Týně nad Vltavou : Nákladem Bohuslava Kučery, 1935</marc:subfield>
    <marc:subfield code="g">Díl I., Do zániku hradu Týna r. 1698</marc:subfield>
  </marc:datafield>
  <marc:datafield tag="856" ind1="4" ind2="1">
    <marc:subfield code="3">Digitalizovaný dokument</marc:subfield>
    <marc:subfield code="u">http://kramerius.cbvk.cz/search/handle/uuid:e141b208-da90-4f30-835a-d5f59f01be38</marc:subfield>
    <marc:subfield code="y">Digitalizovaný dokument</marc:subfield>
  </marc:datafield>
  <marc:datafield tag="910" ind1=" " ind2=" ">
    <marc:subfield code="a">CBA001</marc:subfield>
  </marc:datafield>
  <marc:datafield tag="911" ind1=" " ind2=" ">
    <marc:subfield code="a">CBA001</marc:subfield>
    <marc:subfield code="d">zdigitalizováno</marc:subfield>
    <marc:subfield code="u">http://kramerius.cbvk.cz/search/handle/uuid:e141b208-da90-4f30-835a-d5f59f01be38</marc:subfield>
  </marc:datafield>
</marc:record>
    </metadata>
  </record>