
  <record>
    <header>
      <identifier>oai:katalog.cbvk.cz:CbvkUsCat/m0065273</identifier>
      <datestamp>2018-08-06T14:24:38Z</datestamp>
      <setSpec>RDIG1</setSpec>
    </header>
    <metadata>
<marc:record
  xmlns:marc="http://www.loc.gov/MARC21/slim"
  xmlns:xsi="http://www.w3.org/2001/XMLSchema-instance"
  xsi:schemaLocation="http://www.loc.gov/MARC21/slim
  http://www.loc.gov/standards/marcxml/schema/MARC21slim.xsd">
  <marc:leader>00000nam a22     3a 4500</marc:leader>
  <marc:controlfield tag="001">m0065273</marc:controlfield>
  <marc:controlfield tag="003">CZ-CbJVK</marc:controlfield>
  <marc:controlfield tag="005">20180806142438.4</marc:controlfield>
  <marc:controlfield tag="007">ta</marc:controlfield>
  <marc:controlfield tag="008">980406s1927----xr-ac--e------000-0bcze-d</marc:controlfield>
  <marc:datafield tag="015" ind1=" " ind2=" ">
    <marc:subfield code="a">cnb000582087</marc:subfield>
  </marc:datafield>
  <marc:datafield tag="035" ind1=" " ind2=" ">
    <marc:subfield code="a">(OCoLC)42750593</marc:subfield>
  </marc:datafield>
  <marc:datafield tag="040" ind1=" " ind2=" ">
    <marc:subfield code="a">CBA001</marc:subfield>
    <marc:subfield code="b">cze</marc:subfield>
  </marc:datafield>
  <marc:datafield tag="043" ind1=" " ind2=" ">
    <marc:subfield code="a">e-xr---</marc:subfield>
    <marc:subfield code="b">e-xr-jc</marc:subfield>
    <marc:subfield code="2">czenas</marc:subfield>
  </marc:datafield>
  <marc:datafield tag="045" ind1=" " ind2=" ">
    <marc:subfield code="a">w4x3</marc:subfield>
  </marc:datafield>
  <marc:datafield tag="072" ind1=" " ind2="7">
    <marc:subfield code="a">32</marc:subfield>
    <marc:subfield code="x">Politika</marc:subfield>
    <marc:subfield code="9">15</marc:subfield>
    <marc:subfield code="2">Konspekt</marc:subfield>
  </marc:datafield>
  <marc:datafield tag="072" ind1=" " ind2="7">
    <marc:subfield code="a">929</marc:subfield>
    <marc:subfield code="x">Biografie</marc:subfield>
    <marc:subfield code="9">8</marc:subfield>
    <marc:subfield code="2">Konspekt</marc:subfield>
  </marc:datafield>
  <marc:datafield tag="080" ind1=" " ind2=" ">
    <marc:subfield code="a">(437.319)</marc:subfield>
    <marc:subfield code="2">MRF</marc:subfield>
  </marc:datafield>
  <marc:datafield tag="080" ind1=" " ind2=" ">
    <marc:subfield code="a">(437.3)</marc:subfield>
    <marc:subfield code="2">MRF</marc:subfield>
  </marc:datafield>
  <marc:datafield tag="080" ind1=" " ind2=" ">
    <marc:subfield code="a">32-051</marc:subfield>
    <marc:subfield code="2">MRF</marc:subfield>
  </marc:datafield>
  <marc:datafield tag="080" ind1=" " ind2=" ">
    <marc:subfield code="a">929</marc:subfield>
    <marc:subfield code="2">MRF</marc:subfield>
  </marc:datafield>
  <marc:datafield tag="080" ind1=" " ind2=" ">
    <marc:subfield code="a">(092)</marc:subfield>
    <marc:subfield code="2">MRF</marc:subfield>
  </marc:datafield>
  <marc:datafield tag="100" ind1="1" ind2=" ">
    <marc:subfield code="a">Strnad, Rudolf,</marc:subfield>
    <marc:subfield code="d">1891-1942</marc:subfield>
    <marc:subfield code="7">jk01121464</marc:subfield>
    <marc:subfield code="4">aut</marc:subfield>
  </marc:datafield>
  <marc:datafield tag="245" ind1="1" ind2="0">
    <marc:subfield code="a">Dr. A. Zátka /</marc:subfield>
    <marc:subfield code="c">napsal R. Strnad</marc:subfield>
  </marc:datafield>
  <marc:datafield tag="260" ind1=" " ind2=" ">
    <marc:subfield code="a">V Českých Budějovicích :</marc:subfield>
    <marc:subfield code="b">Nákladem odboru Národní Jednoty Pošumavské,</marc:subfield>
    <marc:subfield code="c">1927</marc:subfield>
  </marc:datafield>
  <marc:datafield tag="300" ind1=" " ind2=" ">
    <marc:subfield code="a">100 s., [24] l. obr. příl.</marc:subfield>
  </marc:datafield>
  <marc:datafield tag="600" ind1="1" ind2="7">
    <marc:subfield code="a">Zátka, August,</marc:subfield>
    <marc:subfield code="d">1847-1935</marc:subfield>
    <marc:subfield code="7">jk01152179</marc:subfield>
    <marc:subfield code="2">czenas</marc:subfield>
  </marc:datafield>
  <marc:datafield tag="648" ind1=" " ind2="4">
    <marc:subfield code="a">19.-20. století</marc:subfield>
    <marc:subfield code="7">ch757015</marc:subfield>
  </marc:datafield>
  <marc:datafield tag="648" ind1=" " ind2="4">
    <marc:subfield code="a">1847-1935</marc:subfield>
  </marc:datafield>
  <marc:datafield tag="650" ind1="0" ind2="7">
    <marc:subfield code="a">politici</marc:subfield>
    <marc:subfield code="z">Česko</marc:subfield>
    <marc:subfield code="y">19.-20. století</marc:subfield>
    <marc:subfield code="7">ph115781</marc:subfield>
    <marc:subfield code="2">czenas</marc:subfield>
  </marc:datafield>
  <marc:datafield tag="651" ind1=" " ind2="7">
    <marc:subfield code="a">České Budějovice (Česko)</marc:subfield>
    <marc:subfield code="7">ge131699</marc:subfield>
    <marc:subfield code="2">czenas</marc:subfield>
  </marc:datafield>
  <marc:datafield tag="655" ind1=" " ind2="7">
    <marc:subfield code="a">biografie</marc:subfield>
    <marc:subfield code="7">fd131909</marc:subfield>
    <marc:subfield code="2">czenas</marc:subfield>
  </marc:datafield>
  <marc:datafield tag="856" ind1="4" ind2="1">
    <marc:subfield code="3">Digitalizovaný dokument</marc:subfield>
    <marc:subfield code="u">http://kramerius.cbvk.cz/search/handle/uuid:a5220363-f978-4d91-806f-48183d3aeb80</marc:subfield>
    <marc:subfield code="y">Digitalizovaný dokument</marc:subfield>
  </marc:datafield>
  <marc:datafield tag="910" ind1=" " ind2=" ">
    <marc:subfield code="a">CBA001</marc:subfield>
  </marc:datafield>
  <marc:datafield tag="911" ind1=" " ind2=" ">
    <marc:subfield code="a">CBA001</marc:subfield>
    <marc:subfield code="d">zdigitalizováno</marc:subfield>
    <marc:subfield code="u">http://kramerius.cbvk.cz/search/handle/uuid:a5220363-f978-4d91-806f-48183d3aeb80</marc:subfield>
  </marc:datafield>
</marc:record>
    </metadata>
  </record>