
  <record>
    <header>
      <identifier>oai:katalog.cbvk.cz:CbvkUsCat/m0075504</identifier>
      <datestamp>2018-10-31T14:42:03Z</datestamp>
      <setSpec>RDIG1</setSpec>
    </header>
    <metadata>
<marc:record
  xmlns:marc="http://www.loc.gov/MARC21/slim"
  xmlns:xsi="http://www.w3.org/2001/XMLSchema-instance"
  xsi:schemaLocation="http://www.loc.gov/MARC21/slim
  http://www.loc.gov/standards/marcxml/schema/MARC21slim.xsd">
  <marc:leader>01105cam a22002897a 4500</marc:leader>
  <marc:controlfield tag="001">m0075504</marc:controlfield>
  <marc:controlfield tag="003">CZ-CbJVK</marc:controlfield>
  <marc:controlfield tag="005">20181031144203.7</marc:controlfield>
  <marc:controlfield tag="007">ta</marc:controlfield>
  <marc:controlfield tag="008">111208s1938----xr------------000-0-ger--</marc:controlfield>
  <marc:datafield tag="015" ind1=" " ind2=" ">
    <marc:subfield code="a">cnb000954841</marc:subfield>
  </marc:datafield>
  <marc:datafield tag="020" ind1=" " ind2=" ">
    <marc:subfield code="q">(Brož.)</marc:subfield>
  </marc:datafield>
  <marc:datafield tag="035" ind1=" " ind2=" ">
    <marc:subfield code="a">(OCoLC)72432776</marc:subfield>
  </marc:datafield>
  <marc:datafield tag="040" ind1=" " ind2=" ">
    <marc:subfield code="a">ABA001</marc:subfield>
    <marc:subfield code="b">cze</marc:subfield>
    <marc:subfield code="c">HKA001</marc:subfield>
    <marc:subfield code="d">ABA001</marc:subfield>
    <marc:subfield code="d">ABD001</marc:subfield>
  </marc:datafield>
  <marc:datafield tag="072" ind1=" " ind2="7">
    <marc:subfield code="a">631</marc:subfield>
    <marc:subfield code="x">Zemědělství. Pedologie. Agrotechnika. Agroekologie</marc:subfield>
    <marc:subfield code="9">24</marc:subfield>
    <marc:subfield code="2">Konspekt</marc:subfield>
  </marc:datafield>
  <marc:datafield tag="080" ind1=" " ind2=" ">
    <marc:subfield code="a">(041)</marc:subfield>
    <marc:subfield code="2">MRF</marc:subfield>
  </marc:datafield>
  <marc:datafield tag="100" ind1="1" ind2=" ">
    <marc:subfield code="a">Bürger, Josef,</marc:subfield>
    <marc:subfield code="d">1887-1981</marc:subfield>
    <marc:subfield code="4">aut</marc:subfield>
  </marc:datafield>
  <marc:datafield tag="245" ind1="1" ind2="4">
    <marc:subfield code="a">Die Entwicklung des Bauernhauses im Böhmerwalde /</marc:subfield>
    <marc:subfield code="c">Josef Bürger</marc:subfield>
  </marc:datafield>
  <marc:datafield tag="260" ind1=" " ind2=" ">
    <marc:subfield code="a">Oberplan :</marc:subfield>
    <marc:subfield code="b">Verein Böhmerwaldmuseum,</marc:subfield>
    <marc:subfield code="c">1938</marc:subfield>
    <marc:subfield code="e">(in Prag :</marc:subfield>
    <marc:subfield code="f">Heinr. Mercy Sohn)</marc:subfield>
  </marc:datafield>
  <marc:datafield tag="300" ind1=" " ind2=" ">
    <marc:subfield code="a">5 s. :</marc:subfield>
    <marc:subfield code="b">[V] obr. příl. ;</marc:subfield>
    <marc:subfield code="c">8°</marc:subfield>
  </marc:datafield>
  <marc:datafield tag="490" ind1="1" ind2=" ">
    <marc:subfield code="a">Schriften zu Gunsten des Böhmerwaldmuseums in Oberplan ;</marc:subfield>
    <marc:subfield code="v">Nr. 12</marc:subfield>
  </marc:datafield>
  <marc:datafield tag="500" ind1=" " ind2=" ">
    <marc:subfield code="a">Obsahuje 10 fotografií</marc:subfield>
  </marc:datafield>
  <marc:datafield tag="650" ind1="0" ind2="7">
    <marc:subfield code="a">zemědělství</marc:subfield>
    <marc:subfield code="z">Šumava</marc:subfield>
    <marc:subfield code="7">ph116770</marc:subfield>
    <marc:subfield code="2">czenas</marc:subfield>
  </marc:datafield>
  <marc:datafield tag="655" ind1=" " ind2="7">
    <marc:subfield code="a">brožury</marc:subfield>
    <marc:subfield code="7">fd131925</marc:subfield>
    <marc:subfield code="2">czenas</marc:subfield>
  </marc:datafield>
  <marc:datafield tag="830" ind1=" " ind2="0">
    <marc:subfield code="a">Schriften zu Gunsten des Böhmerwaldmuseums in Oberplan</marc:subfield>
  </marc:datafield>
  <marc:datafield tag="910" ind1=" " ind2=" ">
    <marc:subfield code="a">CBA001</marc:subfield>
  </marc:datafield>
  <marc:datafield tag="911" ind1=" " ind2=" ">
    <marc:subfield code="a">CBA001</marc:subfield>
    <marc:subfield code="d">plánovaná digitalizace</marc:subfield>
  </marc:datafield>
</marc:record>
    </metadata>
  </record>