
  <record>
    <header>
      <identifier>oai:katalog.cbvk.cz:CbvkUsCat/m0082791</identifier>
      <datestamp>2018-08-06T14:24:43Z</datestamp>
      <setSpec>RDIG1</setSpec>
    </header>
    <metadata>
<marc:record
  xmlns:marc="http://www.loc.gov/MARC21/slim"
  xmlns:xsi="http://www.w3.org/2001/XMLSchema-instance"
  xsi:schemaLocation="http://www.loc.gov/MARC21/slim
  http://www.loc.gov/standards/marcxml/schema/MARC21slim.xsd">
  <marc:leader>01541nam a2200433 a 4500</marc:leader>
  <marc:controlfield tag="001">m0082791</marc:controlfield>
  <marc:controlfield tag="003">CZ-CbJVK</marc:controlfield>
  <marc:controlfield tag="005">20180806142443.1</marc:controlfield>
  <marc:controlfield tag="007">ta</marc:controlfield>
  <marc:controlfield tag="008">131112s1849----xr-----e------000-0-ger--</marc:controlfield>
  <marc:datafield tag="015" ind1=" " ind2=" ">
    <marc:subfield code="a">cnb002519578</marc:subfield>
  </marc:datafield>
  <marc:datafield tag="020" ind1=" " ind2=" ">
    <marc:subfield code="q">(Brož.)</marc:subfield>
  </marc:datafield>
  <marc:datafield tag="040" ind1=" " ind2=" ">
    <marc:subfield code="a">ABA001</marc:subfield>
    <marc:subfield code="b">cze</marc:subfield>
  </marc:datafield>
  <marc:datafield tag="041" ind1="0" ind2=" ">
    <marc:subfield code="a">ger</marc:subfield>
    <marc:subfield code="a">cze</marc:subfield>
    <marc:subfield code="a">lat</marc:subfield>
  </marc:datafield>
  <marc:datafield tag="043" ind1=" " ind2=" ">
    <marc:subfield code="a">e-xr---</marc:subfield>
    <marc:subfield code="b">e-xr-jc</marc:subfield>
    <marc:subfield code="2">czenas</marc:subfield>
  </marc:datafield>
  <marc:datafield tag="045" ind1=" " ind2=" ">
    <marc:subfield code="a">w-w-</marc:subfield>
  </marc:datafield>
  <marc:datafield tag="072" ind1=" " ind2="7">
    <marc:subfield code="a">069</marc:subfield>
    <marc:subfield code="x">Muzea. Muzeologie. Muzejnictví. Výstavy</marc:subfield>
    <marc:subfield code="2">Konspekt</marc:subfield>
    <marc:subfield code="9">12</marc:subfield>
  </marc:datafield>
  <marc:datafield tag="080" ind1=" " ind2=" ">
    <marc:subfield code="a">069:63</marc:subfield>
    <marc:subfield code="2">MRF</marc:subfield>
  </marc:datafield>
  <marc:datafield tag="080" ind1=" " ind2=" ">
    <marc:subfield code="a">623.4:799.2</marc:subfield>
    <marc:subfield code="2">MRF</marc:subfield>
  </marc:datafield>
  <marc:datafield tag="080" ind1=" " ind2=" ">
    <marc:subfield code="a">069.5</marc:subfield>
    <marc:subfield code="2">MRF</marc:subfield>
  </marc:datafield>
  <marc:datafield tag="080" ind1=" " ind2=" ">
    <marc:subfield code="a">(437.319)</marc:subfield>
    <marc:subfield code="2">MRF</marc:subfield>
  </marc:datafield>
  <marc:datafield tag="080" ind1=" " ind2=" ">
    <marc:subfield code="a">(036)</marc:subfield>
    <marc:subfield code="2">MRF</marc:subfield>
  </marc:datafield>
  <marc:datafield tag="245" ind1="0" ind2="4">
    <marc:subfield code="a">Das Forst-Museum im fürstlich Schwarzenberg&apos;schen Jagdschlosse Wohrad :</marc:subfield>
    <marc:subfield code="b">ein kleines Andenken für Freunde der Natur und Kunst</marc:subfield>
  </marc:datafield>
  <marc:datafield tag="260" ind1=" " ind2=" ">
    <marc:subfield code="a">Budweis :</marc:subfield>
    <marc:subfield code="b">Simon Käser,</marc:subfield>
    <marc:subfield code="c">1849</marc:subfield>
  </marc:datafield>
  <marc:datafield tag="300" ind1=" " ind2=" ">
    <marc:subfield code="a">24 s. ;</marc:subfield>
    <marc:subfield code="c">21 cm</marc:subfield>
  </marc:datafield>
  <marc:datafield tag="500" ind1=" " ind2=" ">
    <marc:subfield code="a">Obsahuje latinské a české názvosloví</marc:subfield>
  </marc:datafield>
  <marc:datafield tag="546" ind1=" " ind2=" ">
    <marc:subfield code="a">Německý text tištěn švabachem</marc:subfield>
  </marc:datafield>
  <marc:datafield tag="648" ind1=" " ind2="7">
    <marc:subfield code="a">19. století</marc:subfield>
    <marc:subfield code="7">ch460557</marc:subfield>
    <marc:subfield code="2">czenas</marc:subfield>
  </marc:datafield>
  <marc:datafield tag="650" ind1="0" ind2="7">
    <marc:subfield code="a">zemědělská muzea</marc:subfield>
    <marc:subfield code="z">Česko</marc:subfield>
    <marc:subfield code="y">19. století</marc:subfield>
    <marc:subfield code="7">ph487797</marc:subfield>
    <marc:subfield code="2">czenas</marc:subfield>
  </marc:datafield>
  <marc:datafield tag="650" ind1="0" ind2="7">
    <marc:subfield code="a">přírodovědná muzea</marc:subfield>
    <marc:subfield code="z">Česko</marc:subfield>
    <marc:subfield code="y">19. století</marc:subfield>
    <marc:subfield code="7">ph137271</marc:subfield>
    <marc:subfield code="2">czenas</marc:subfield>
  </marc:datafield>
  <marc:datafield tag="650" ind1="0" ind2="7">
    <marc:subfield code="a">lovecké zbraně</marc:subfield>
    <marc:subfield code="7">ph311239</marc:subfield>
    <marc:subfield code="2">czenas</marc:subfield>
  </marc:datafield>
  <marc:datafield tag="650" ind1="0" ind2="7">
    <marc:subfield code="a">lovecké trofeje</marc:subfield>
    <marc:subfield code="7">ph134881</marc:subfield>
    <marc:subfield code="2">czenas</marc:subfield>
  </marc:datafield>
  <marc:datafield tag="650" ind1="0" ind2="7">
    <marc:subfield code="a">muzejní sbírky</marc:subfield>
    <marc:subfield code="z">Česko</marc:subfield>
    <marc:subfield code="y">19. století</marc:subfield>
    <marc:subfield code="7">ph137908</marc:subfield>
    <marc:subfield code="2">czenas</marc:subfield>
  </marc:datafield>
  <marc:datafield tag="651" ind1=" " ind2="7">
    <marc:subfield code="a">Hluboká nad Vltavou (Česko)</marc:subfield>
    <marc:subfield code="7">ge129262</marc:subfield>
    <marc:subfield code="2">czenas</marc:subfield>
  </marc:datafield>
  <marc:datafield tag="655" ind1=" " ind2="7">
    <marc:subfield code="a">průvodce</marc:subfield>
    <marc:subfield code="7">fd133154</marc:subfield>
    <marc:subfield code="2">czenas</marc:subfield>
  </marc:datafield>
  <marc:datafield tag="856" ind1="4" ind2="1">
    <marc:subfield code="3">Digitalizovaný dokument</marc:subfield>
    <marc:subfield code="u">http://kramerius.cbvk.cz:8080/search/handle/uuid:a7ccf3d7-3195-4e93-8ef4-e4a31529c665</marc:subfield>
    <marc:subfield code="y">Digitalizovaný dokument</marc:subfield>
  </marc:datafield>
  <marc:datafield tag="910" ind1=" " ind2=" ">
    <marc:subfield code="a">CBA001</marc:subfield>
  </marc:datafield>
  <marc:datafield tag="911" ind1=" " ind2=" ">
    <marc:subfield code="a">CBA001</marc:subfield>
    <marc:subfield code="d">zdigitalizováno</marc:subfield>
    <marc:subfield code="u">http://kramerius.cbvk.cz:8080/search/handle/uuid:a7ccf3d7-3195-4e93-8ef4-e4a31529c665</marc:subfield>
  </marc:datafield>
</marc:record>
    </metadata>
  </record>