
  <record>
    <header>
      <identifier>oai:katalog.cbvk.cz:CbvkUsCat/m0234700</identifier>
      <datestamp>2018-08-06T14:25:59Z</datestamp>
      <setSpec>RDIG1</setSpec>
    </header>
    <metadata>
<marc:record
  xmlns:marc="http://www.loc.gov/MARC21/slim"
  xmlns:xsi="http://www.w3.org/2001/XMLSchema-instance"
  xsi:schemaLocation="http://www.loc.gov/MARC21/slim
  http://www.loc.gov/standards/marcxml/schema/MARC21slim.xsd">
  <marc:leader>00000nam a22     3a 4500</marc:leader>
  <marc:controlfield tag="001">m0234700</marc:controlfield>
  <marc:controlfield tag="003">CZ-CbJVK</marc:controlfield>
  <marc:controlfield tag="005">20180806142559.8</marc:controlfield>
  <marc:controlfield tag="007">ta</marc:controlfield>
  <marc:controlfield tag="008">960903s1995----xr------------------cze--</marc:controlfield>
  <marc:datafield tag="015" ind1=" " ind2=" ">
    <marc:subfield code="a">cnb000097928</marc:subfield>
  </marc:datafield>
  <marc:datafield tag="020" ind1=" " ind2=" ">
    <marc:subfield code="a">80-7040-139-7</marc:subfield>
  </marc:datafield>
  <marc:datafield tag="035" ind1=" " ind2=" ">
    <marc:subfield code="a">(OCoLC)84908855</marc:subfield>
  </marc:datafield>
  <marc:datafield tag="040" ind1=" " ind2=" ">
    <marc:subfield code="a">CBA001</marc:subfield>
    <marc:subfield code="b">cze</marc:subfield>
  </marc:datafield>
  <marc:datafield tag="080" ind1=" " ind2=" ">
    <marc:subfield code="a">008</marc:subfield>
    <marc:subfield code="2">MRF</marc:subfield>
  </marc:datafield>
  <marc:datafield tag="080" ind1=" " ind2=" ">
    <marc:subfield code="a">39</marc:subfield>
    <marc:subfield code="2">MRF</marc:subfield>
  </marc:datafield>
  <marc:datafield tag="100" ind1="1" ind2=" ">
    <marc:subfield code="a">Bůžek, Václav,</marc:subfield>
    <marc:subfield code="d">1959-</marc:subfield>
    <marc:subfield code="7">jn19981000429</marc:subfield>
    <marc:subfield code="4">aut</marc:subfield>
  </marc:datafield>
  <marc:datafield tag="245" ind1="1" ind2="0">
    <marc:subfield code="a">Příspěvky ke každodenní kultuře novověku /</marc:subfield>
    <marc:subfield code="c">[sestavil Václav Bůžek]</marc:subfield>
  </marc:datafield>
  <marc:datafield tag="250" ind1=" " ind2=" ">
    <marc:subfield code="a">Vyd. 1.</marc:subfield>
  </marc:datafield>
  <marc:datafield tag="260" ind1=" " ind2=" ">
    <marc:subfield code="a">České Budějovice :</marc:subfield>
    <marc:subfield code="b">Jihočeská univerzita,</marc:subfield>
    <marc:subfield code="c">1995</marc:subfield>
  </marc:datafield>
  <marc:datafield tag="300" ind1=" " ind2=" ">
    <marc:subfield code="a">295 s. :</marc:subfield>
    <marc:subfield code="b">tab.</marc:subfield>
  </marc:datafield>
  <marc:datafield tag="490" ind1="1" ind2=" ">
    <marc:subfield code="a">Opera historica ;</marc:subfield>
    <marc:subfield code="v">4</marc:subfield>
  </marc:datafield>
  <marc:datafield tag="546" ind1=" " ind2=" ">
    <marc:subfield code="a">Souhrny angl., něm. - Pozn.</marc:subfield>
  </marc:datafield>
  <marc:datafield tag="650" ind1=" " ind2="7">
    <marc:subfield code="a">novověk</marc:subfield>
    <marc:subfield code="7">ph117243</marc:subfield>
    <marc:subfield code="2">czenas</marc:subfield>
  </marc:datafield>
  <marc:datafield tag="650" ind1=" " ind2="7">
    <marc:subfield code="a">životní úroveň</marc:subfield>
    <marc:subfield code="7">ph128033</marc:subfield>
    <marc:subfield code="2">czenas</marc:subfield>
  </marc:datafield>
  <marc:datafield tag="655" ind1=" " ind2="7">
    <marc:subfield code="a">sborníky</marc:subfield>
    <marc:subfield code="7">fd163935</marc:subfield>
    <marc:subfield code="2">czenas</marc:subfield>
  </marc:datafield>
  <marc:datafield tag="830" ind1=" " ind2="0">
    <marc:subfield code="a">Opera historica ;</marc:subfield>
    <marc:subfield code="v">4</marc:subfield>
  </marc:datafield>
  <marc:datafield tag="856" ind1="4" ind2="1">
    <marc:subfield code="3">Digitalizovaný dokument</marc:subfield>
    <marc:subfield code="u">http://kramerius.cbvk.cz/search/handle/uuid:f55360f5-e48d-4046-916a-dc0815459fba</marc:subfield>
    <marc:subfield code="y">Digitalizovaný dokument</marc:subfield>
  </marc:datafield>
  <marc:datafield tag="910" ind1=" " ind2=" ">
    <marc:subfield code="a">CBA001</marc:subfield>
  </marc:datafield>
  <marc:datafield tag="911" ind1=" " ind2=" ">
    <marc:subfield code="a">CBA001</marc:subfield>
    <marc:subfield code="d">zdigitalizováno</marc:subfield>
    <marc:subfield code="u">http://kramerius.cbvk.cz/search/handle/uuid:f55360f5-e48d-4046-916a-dc0815459fba</marc:subfield>
  </marc:datafield>
</marc:record>
    </metadata>
  </record>