
  <record>
    <header>
      <identifier>oai:katalog.cbvk.cz:CbvkUsCat/m0273454</identifier>
      <datestamp>2019-01-05T10:40:45Z</datestamp>
      <setSpec>RDIG1</setSpec>
    </header>
    <metadata>
<marc:record
  xmlns:marc="http://www.loc.gov/MARC21/slim"
  xmlns:xsi="http://www.w3.org/2001/XMLSchema-instance"
  xsi:schemaLocation="http://www.loc.gov/MARC21/slim
  http://www.loc.gov/standards/marcxml/schema/MARC21slim.xsd">
  <marc:leader>01500nam a2200385 a 4500</marc:leader>
  <marc:controlfield tag="001">m0273454</marc:controlfield>
  <marc:controlfield tag="003">CZ-CbJVK</marc:controlfield>
  <marc:controlfield tag="005">20190105104045.8</marc:controlfield>
  <marc:controlfield tag="007">ta</marc:controlfield>
  <marc:controlfield tag="008">090306s1892----xr-----e-s----000-0-cze--</marc:controlfield>
  <marc:datafield tag="015" ind1=" " ind2=" ">
    <marc:subfield code="a">cnb001860454</marc:subfield>
  </marc:datafield>
  <marc:datafield tag="040" ind1=" " ind2=" ">
    <marc:subfield code="a">ABA001</marc:subfield>
    <marc:subfield code="b">cze</marc:subfield>
  </marc:datafield>
  <marc:datafield tag="043" ind1=" " ind2=" ">
    <marc:subfield code="a">e-xr---</marc:subfield>
    <marc:subfield code="b">e-xr-jc</marc:subfield>
    <marc:subfield code="2">czenas</marc:subfield>
  </marc:datafield>
  <marc:datafield tag="045" ind1=" " ind2=" ">
    <marc:subfield code="a">w8w9</marc:subfield>
  </marc:datafield>
  <marc:datafield tag="072" ind1=" " ind2="7">
    <marc:subfield code="a">334</marc:subfield>
    <marc:subfield code="x">Formy organizace a spolupráce v ekonomice</marc:subfield>
    <marc:subfield code="2">Konspekt</marc:subfield>
    <marc:subfield code="9">4</marc:subfield>
  </marc:datafield>
  <marc:datafield tag="080" ind1=" " ind2=" ">
    <marc:subfield code="a">347.731.4</marc:subfield>
    <marc:subfield code="2">MRF</marc:subfield>
  </marc:datafield>
  <marc:datafield tag="080" ind1=" " ind2=" ">
    <marc:subfield code="a">334.788</marc:subfield>
    <marc:subfield code="2">MRF</marc:subfield>
  </marc:datafield>
  <marc:datafield tag="080" ind1=" " ind2=" ">
    <marc:subfield code="a">(437.319)</marc:subfield>
    <marc:subfield code="2">MRF</marc:subfield>
  </marc:datafield>
  <marc:datafield tag="080" ind1=" " ind2=" ">
    <marc:subfield code="a">(047)</marc:subfield>
    <marc:subfield code="2">MRF</marc:subfield>
  </marc:datafield>
  <marc:datafield tag="080" ind1=" " ind2=" ">
    <marc:subfield code="a">(048.8:083.41)</marc:subfield>
    <marc:subfield code="2">MRF</marc:subfield>
  </marc:datafield>
  <marc:datafield tag="110" ind1="2" ind2=" ">
    <marc:subfield code="a">Obchodní a živnostenská komora (České Budějovice, Česko)</marc:subfield>
    <marc:subfield code="7">kn20090306030</marc:subfield>
  </marc:datafield>
  <marc:datafield tag="245" ind1="1" ind2="0">
    <marc:subfield code="a">Statistická zpráva obchodní a průmyslové komory v Budějovicích vysokému cís. král. ministerstvu obchodu o národohospodářských poměrech obvodu komorního za leta 1886-1890</marc:subfield>
  </marc:datafield>
  <marc:datafield tag="260" ind1=" " ind2=" ">
    <marc:subfield code="a">V Budějovicích :</marc:subfield>
    <marc:subfield code="b">Nákladem obchodní a průmyslvé komory,</marc:subfield>
    <marc:subfield code="c">1892</marc:subfield>
  </marc:datafield>
  <marc:datafield tag="300" ind1=" " ind2=" ">
    <marc:subfield code="a">191 s. ;</marc:subfield>
    <marc:subfield code="c">23 cm</marc:subfield>
  </marc:datafield>
  <marc:datafield tag="610" ind1="2" ind2="7">
    <marc:subfield code="a">Obchodní a živnostenská komora (České Budějovice, Česko)</marc:subfield>
    <marc:subfield code="7">kn20090306030</marc:subfield>
    <marc:subfield code="2">czenas</marc:subfield>
  </marc:datafield>
  <marc:datafield tag="648" ind1=" " ind2="4">
    <marc:subfield code="a">1886-1890</marc:subfield>
  </marc:datafield>
  <marc:datafield tag="650" ind1="0" ind2="7">
    <marc:subfield code="a">obchodní komory</marc:subfield>
    <marc:subfield code="z">Česko</marc:subfield>
    <marc:subfield code="7">ph123555</marc:subfield>
    <marc:subfield code="2">czenas</marc:subfield>
  </marc:datafield>
  <marc:datafield tag="650" ind1="0" ind2="7">
    <marc:subfield code="a">živnostenské komory</marc:subfield>
    <marc:subfield code="z">Česko</marc:subfield>
    <marc:subfield code="7">ph128017</marc:subfield>
    <marc:subfield code="2">czenas</marc:subfield>
  </marc:datafield>
  <marc:datafield tag="651" ind1=" " ind2="7">
    <marc:subfield code="a">České Budějovice (Česko : oblast)</marc:subfield>
    <marc:subfield code="x">hospodářské poměry</marc:subfield>
    <marc:subfield code="7">ge135833</marc:subfield>
    <marc:subfield code="2">czenas</marc:subfield>
  </marc:datafield>
  <marc:datafield tag="655" ind1=" " ind2="7">
    <marc:subfield code="a">zprávy</marc:subfield>
    <marc:subfield code="7">fd133875</marc:subfield>
    <marc:subfield code="2">czenas</marc:subfield>
  </marc:datafield>
  <marc:datafield tag="655" ind1=" " ind2="7">
    <marc:subfield code="a">statistické přehledy</marc:subfield>
    <marc:subfield code="7">fd133587</marc:subfield>
    <marc:subfield code="2">czenas</marc:subfield>
  </marc:datafield>
  <marc:datafield tag="856" ind1="4" ind2="1">
    <marc:subfield code="y">Digitalizovaný dokument</marc:subfield>
    <marc:subfield code="u">http://kramerius.cbvk.cz/search/handle/uuid:ec68fdc8-321c-4d2b-b380-c150b3a06678</marc:subfield>
    <marc:subfield code="3">Digitalizovaný dokument</marc:subfield>
  </marc:datafield>
  <marc:datafield tag="910" ind1=" " ind2=" ">
    <marc:subfield code="a">CBA001</marc:subfield>
  </marc:datafield>
  <marc:datafield tag="911" ind1=" " ind2=" ">
    <marc:subfield code="a">CBA001</marc:subfield>
    <marc:subfield code="d">zdigitalizováno</marc:subfield>
    <marc:subfield code="r">1886-1890</marc:subfield>
    <marc:subfield code="u">http://kramerius.cbvk.cz/search/handle/uuid:ec68fdc8-321c-4d2b-b380-c150b3a06678</marc:subfield>
  </marc:datafield>
</marc:record>
    </metadata>
  </record>