
  <record>
    <header>
      <identifier>oai:katalog.cbvk.cz:CbvkUsCat/s0000852</identifier>
      <datestamp>2018-08-06T14:26:51Z</datestamp>
      <setSpec>RDIG1</setSpec>
    </header>
    <metadata>
<marc:record
  xmlns:marc="http://www.loc.gov/MARC21/slim"
  xmlns:xsi="http://www.w3.org/2001/XMLSchema-instance"
  xsi:schemaLocation="http://www.loc.gov/MARC21/slim
  http://www.loc.gov/standards/marcxml/schema/MARC21slim.xsd">
  <marc:leader>00000nas a22     3a 4500</marc:leader>
  <marc:controlfield tag="001">s0000852</marc:controlfield>
  <marc:controlfield tag="003">CZ-CbJVK</marc:controlfield>
  <marc:controlfield tag="005">20180806142651.0</marc:controlfield>
  <marc:controlfield tag="007">ta</marc:controlfield>
  <marc:controlfield tag="008">031029d18481848xr-cr-pe------0---b0ger--</marc:controlfield>
  <marc:datafield tag="015" ind1=" " ind2=" ">
    <marc:subfield code="a">cnb002367609</marc:subfield>
  </marc:datafield>
  <marc:datafield tag="040" ind1=" " ind2=" ">
    <marc:subfield code="a">CBA001</marc:subfield>
    <marc:subfield code="b">cze</marc:subfield>
  </marc:datafield>
  <marc:datafield tag="043" ind1=" " ind2=" ">
    <marc:subfield code="a">e-xr---</marc:subfield>
    <marc:subfield code="b">e-xr-jc</marc:subfield>
    <marc:subfield code="2">czenas</marc:subfield>
  </marc:datafield>
  <marc:datafield tag="072" ind1=" " ind2="7">
    <marc:subfield code="a">32</marc:subfield>
    <marc:subfield code="x">Politika</marc:subfield>
    <marc:subfield code="9">15</marc:subfield>
    <marc:subfield code="2">Konspekt</marc:subfield>
  </marc:datafield>
  <marc:datafield tag="080" ind1=" " ind2=" ">
    <marc:subfield code="a">32</marc:subfield>
    <marc:subfield code="2">MRF</marc:subfield>
  </marc:datafield>
  <marc:datafield tag="080" ind1=" " ind2=" ">
    <marc:subfield code="a">(437.319)</marc:subfield>
    <marc:subfield code="2">MRF</marc:subfield>
  </marc:datafield>
  <marc:datafield tag="080" ind1=" " ind2=" ">
    <marc:subfield code="a">908(437.319)</marc:subfield>
    <marc:subfield code="2">MRF</marc:subfield>
  </marc:datafield>
  <marc:datafield tag="245" ind1="0" ind2="4">
    <marc:subfield code="a">Der Bürgerfreund :</marc:subfield>
    <marc:subfield code="b">für Wahrheit, Recht und Freiheit!</marc:subfield>
  </marc:datafield>
  <marc:datafield tag="260" ind1=" " ind2=" ">
    <marc:subfield code="a">Budweis :</marc:subfield>
    <marc:subfield code="b">E.F. Richter,</marc:subfield>
    <marc:subfield code="c">1848-1848</marc:subfield>
  </marc:datafield>
  <marc:datafield tag="300" ind1=" " ind2=" ">
    <marc:subfield code="a">   sv.</marc:subfield>
  </marc:datafield>
  <marc:datafield tag="310" ind1=" " ind2=" ">
    <marc:subfield code="a">Dvakrát týdně</marc:subfield>
  </marc:datafield>
  <marc:datafield tag="362" ind1="0" ind2=" ">
    <marc:subfield code="a">1848-1848</marc:subfield>
  </marc:datafield>
  <marc:datafield tag="500" ind1=" " ind2=" ">
    <marc:subfield code="a">Časopis vycházel od 16. srpna 1848, přestal vycházet koncem měsíce prosince.</marc:subfield>
  </marc:datafield>
  <marc:datafield tag="650" ind1="0" ind2="7">
    <marc:subfield code="a">regionální periodika</marc:subfield>
    <marc:subfield code="y">1841-1850</marc:subfield>
    <marc:subfield code="7">ph119614</marc:subfield>
    <marc:subfield code="2">czenas</marc:subfield>
  </marc:datafield>
  <marc:datafield tag="650" ind1="0" ind2="7">
    <marc:subfield code="a">politika</marc:subfield>
    <marc:subfield code="7">ph115795</marc:subfield>
    <marc:subfield code="2">czenas</marc:subfield>
  </marc:datafield>
  <marc:datafield tag="651" ind1=" " ind2="7">
    <marc:subfield code="a">České Budějovice (Česko)</marc:subfield>
    <marc:subfield code="7">ge131699</marc:subfield>
    <marc:subfield code="2">czenas</marc:subfield>
  </marc:datafield>
  <marc:datafield tag="655" ind1=" " ind2="7">
    <marc:subfield code="a">časopisy</marc:subfield>
    <marc:subfield code="7">fd133947</marc:subfield>
    <marc:subfield code="2">czenas</marc:subfield>
  </marc:datafield>
  <marc:datafield tag="700" ind1="1" ind2=" ">
    <marc:subfield code="a">Richter, Ernst Franz,</marc:subfield>
    <marc:subfield code="d">1817-1870</marc:subfield>
    <marc:subfield code="7">xx0008331</marc:subfield>
    <marc:subfield code="4">pbl</marc:subfield>
  </marc:datafield>
  <marc:datafield tag="780" ind1="0" ind2="0">
    <marc:subfield code="t">Der Löwe</marc:subfield>
  </marc:datafield>
  <marc:datafield tag="856" ind1="4" ind2="1">
    <marc:subfield code="3">Digitalizovaný dokument</marc:subfield>
    <marc:subfield code="u">http://kramerius.cbvk.cz:8080/search/handle/uuid:e69c1e4a-7bd2-451d-b5fd-cc039083c34e</marc:subfield>
    <marc:subfield code="y">Digitalizovaný dokument</marc:subfield>
  </marc:datafield>
  <marc:datafield tag="910" ind1=" " ind2=" ">
    <marc:subfield code="a">CBA001</marc:subfield>
    <marc:subfield code="r">1848</marc:subfield>
  </marc:datafield>
  <marc:datafield tag="911" ind1=" " ind2=" ">
    <marc:subfield code="a">CBA001</marc:subfield>
    <marc:subfield code="d">zdigitalizováno</marc:subfield>
    <marc:subfield code="r">1848</marc:subfield>
    <marc:subfield code="u">http://kramerius.cbvk.cz:8080/search/handle/uuid:e69c1e4a-7bd2-451d-b5fd-cc039083c34e</marc:subfield>
  </marc:datafield>
</marc:record>
    </metadata>
  </record>