
  <record>
    <header>
      <identifier>oai:katalog.cbvk.cz:CbvkUsCat/s0002367</identifier>
      <datestamp>2018-08-06T14:26:53Z</datestamp>
      <setSpec>RDIG1</setSpec>
    </header>
    <metadata>
<marc:record
  xmlns:marc="http://www.loc.gov/MARC21/slim"
  xmlns:xsi="http://www.w3.org/2001/XMLSchema-instance"
  xsi:schemaLocation="http://www.loc.gov/MARC21/slim
  http://www.loc.gov/standards/marcxml/schema/MARC21slim.xsd">
  <marc:leader>00000nas a22     3a 4500</marc:leader>
  <marc:controlfield tag="001">s0002367</marc:controlfield>
  <marc:controlfield tag="003">CZ-CbJVK</marc:controlfield>
  <marc:controlfield tag="005">20180806142653.8</marc:controlfield>
  <marc:controlfield tag="007">ta</marc:controlfield>
  <marc:controlfield tag="008">040817d18851899xr-sr-pe------0---b0cze--</marc:controlfield>
  <marc:datafield tag="015" ind1=" " ind2=" ">
    <marc:subfield code="a">cnb001325685</marc:subfield>
  </marc:datafield>
  <marc:datafield tag="040" ind1=" " ind2=" ">
    <marc:subfield code="a">CBA001</marc:subfield>
    <marc:subfield code="b">cze</marc:subfield>
  </marc:datafield>
  <marc:datafield tag="043" ind1=" " ind2=" ">
    <marc:subfield code="a">e-xr---</marc:subfield>
    <marc:subfield code="b">e-xr-jc</marc:subfield>
    <marc:subfield code="2">czenas</marc:subfield>
  </marc:datafield>
  <marc:datafield tag="072" ind1=" " ind2="7">
    <marc:subfield code="a">32</marc:subfield>
    <marc:subfield code="x">Politika</marc:subfield>
    <marc:subfield code="9">15</marc:subfield>
    <marc:subfield code="2">Konspekt</marc:subfield>
  </marc:datafield>
  <marc:datafield tag="080" ind1=" " ind2=" ">
    <marc:subfield code="a">070</marc:subfield>
    <marc:subfield code="2">MRF</marc:subfield>
  </marc:datafield>
  <marc:datafield tag="080" ind1=" " ind2=" ">
    <marc:subfield code="a">32</marc:subfield>
    <marc:subfield code="2">MRF</marc:subfield>
  </marc:datafield>
  <marc:datafield tag="245" ind1="0" ind2="0">
    <marc:subfield code="a">Hlasy ze Šumavy</marc:subfield>
  </marc:datafield>
  <marc:datafield tag="260" ind1=" " ind2=" ">
    <marc:subfield code="a">Ve Strakonicích :</marc:subfield>
    <marc:subfield code="b">Jos. Dvořák,</marc:subfield>
    <marc:subfield code="c">1885-1899</marc:subfield>
  </marc:datafield>
  <marc:datafield tag="300" ind1=" " ind2=" ">
    <marc:subfield code="a">   sv.</marc:subfield>
  </marc:datafield>
  <marc:datafield tag="310" ind1=" " ind2=" ">
    <marc:subfield code="a">Dvakrát měsíčně</marc:subfield>
  </marc:datafield>
  <marc:datafield tag="362" ind1="0" ind2=" ">
    <marc:subfield code="a">Roč. 1 (1885)- roč. 15 (1899)</marc:subfield>
  </marc:datafield>
  <marc:datafield tag="500" ind1=" " ind2=" ">
    <marc:subfield code="a">Chybné číslování: r. 1893: 2x č. 21</marc:subfield>
  </marc:datafield>
  <marc:datafield tag="650" ind1=" " ind2="7">
    <marc:subfield code="a">politika</marc:subfield>
    <marc:subfield code="7">ph115795</marc:subfield>
    <marc:subfield code="2">czenas</marc:subfield>
  </marc:datafield>
  <marc:datafield tag="650" ind1="0" ind2="7">
    <marc:subfield code="a">regionální periodika</marc:subfield>
    <marc:subfield code="y">1891-1900</marc:subfield>
    <marc:subfield code="7">ph119614</marc:subfield>
    <marc:subfield code="2">czenas</marc:subfield>
  </marc:datafield>
  <marc:datafield tag="651" ind1=" " ind2="7">
    <marc:subfield code="a">Čechy jižní (Česko)</marc:subfield>
    <marc:subfield code="7">ge131648</marc:subfield>
  </marc:datafield>
  <marc:datafield tag="655" ind1=" " ind2="4">
    <marc:subfield code="a">noviny</marc:subfield>
  </marc:datafield>
  <marc:datafield tag="856" ind1="4" ind2="1">
    <marc:subfield code="3">Digitalizovaný dokument</marc:subfield>
    <marc:subfield code="u">http://kramerius.cbvk.cz:8080/search/handle/uuid:045af48f-b13e-49b3-bee2-20e24ab56f49</marc:subfield>
    <marc:subfield code="y">Digitalizovaný dokument</marc:subfield>
  </marc:datafield>
  <marc:datafield tag="910" ind1=" " ind2=" ">
    <marc:subfield code="a">CBA001</marc:subfield>
    <marc:subfield code="r">1891-99</marc:subfield>
  </marc:datafield>
  <marc:datafield tag="911" ind1=" " ind2=" ">
    <marc:subfield code="a">CBA001</marc:subfield>
    <marc:subfield code="d">zdigitalizováno</marc:subfield>
    <marc:subfield code="r">1891-99</marc:subfield>
    <marc:subfield code="u">http://kramerius.cbvk.cz:8080/search/handle/uuid:045af48f-b13e-49b3-bee2-20e24ab56f49</marc:subfield>
  </marc:datafield>
</marc:record>
    </metadata>
  </record>