
  <record>
    <header>
      <identifier>oai:katalog.cbvk.cz:CbvkUsCat/s0002790</identifier>
      <datestamp>2019-02-04T15:42:04Z</datestamp>
      <setSpec>RDIG1</setSpec>
    </header>
    <metadata>
<marc:record
  xmlns:marc="http://www.loc.gov/MARC21/slim"
  xmlns:xsi="http://www.w3.org/2001/XMLSchema-instance"
  xsi:schemaLocation="http://www.loc.gov/MARC21/slim
  http://www.loc.gov/standards/marcxml/schema/MARC21slim.xsd">
  <marc:leader>00000nas a22     3a 4500</marc:leader>
  <marc:controlfield tag="001">s0002790</marc:controlfield>
  <marc:controlfield tag="003">CZ-CbJVK</marc:controlfield>
  <marc:controlfield tag="005">20190204154204.1</marc:controlfield>
  <marc:controlfield tag="007">ta</marc:controlfield>
  <marc:controlfield tag="008">010808d19221941xr-wr-pe------0---b0cze--</marc:controlfield>
  <marc:datafield tag="015" ind1=" " ind2=" ">
    <marc:subfield code="a">cnb002189490</marc:subfield>
  </marc:datafield>
  <marc:datafield tag="040" ind1=" " ind2=" ">
    <marc:subfield code="a">CBA001</marc:subfield>
    <marc:subfield code="b">cze</marc:subfield>
  </marc:datafield>
  <marc:datafield tag="043" ind1=" " ind2=" ">
    <marc:subfield code="a">e-xr---</marc:subfield>
    <marc:subfield code="b">e-xr-jc</marc:subfield>
    <marc:subfield code="2">czenas</marc:subfield>
  </marc:datafield>
  <marc:datafield tag="072" ind1=" " ind2="7">
    <marc:subfield code="a">796</marc:subfield>
    <marc:subfield code="x">Sport. Hry. Tělesná cvičení</marc:subfield>
    <marc:subfield code="9">20</marc:subfield>
    <marc:subfield code="2">Konspekt</marc:subfield>
  </marc:datafield>
  <marc:datafield tag="080" ind1=" " ind2=" ">
    <marc:subfield code="a">[050+070.48]-027.541</marc:subfield>
    <marc:subfield code="2">MRF</marc:subfield>
  </marc:datafield>
  <marc:datafield tag="080" ind1=" " ind2=" ">
    <marc:subfield code="a">(437.31-13)</marc:subfield>
    <marc:subfield code="2">MRF</marc:subfield>
  </marc:datafield>
  <marc:datafield tag="080" ind1=" " ind2=" ">
    <marc:subfield code="a">070</marc:subfield>
    <marc:subfield code="2">MRF</marc:subfield>
  </marc:datafield>
  <marc:datafield tag="080" ind1=" " ind2=" ">
    <marc:subfield code="a">796/799</marc:subfield>
    <marc:subfield code="2">MRF</marc:subfield>
  </marc:datafield>
  <marc:datafield tag="245" ind1="0" ind2="0">
    <marc:subfield code="a">Jihočeský sportovní týdeník :</marc:subfield>
    <marc:subfield code="b">officielní orgán Jihočeské župy footbalové a Jihočeské odbočky S. Čs. S. F.</marc:subfield>
  </marc:datafield>
  <marc:datafield tag="260" ind1=" " ind2=" ">
    <marc:subfield code="a">V Č. Budějovicích :</marc:subfield>
    <marc:subfield code="b">V. Stehlíček,</marc:subfield>
    <marc:subfield code="c">1922-1941</marc:subfield>
  </marc:datafield>
  <marc:datafield tag="300" ind1=" " ind2=" ">
    <marc:subfield code="a">19 sv.</marc:subfield>
  </marc:datafield>
  <marc:datafield tag="310" ind1=" " ind2=" ">
    <marc:subfield code="a">Týdně</marc:subfield>
  </marc:datafield>
  <marc:datafield tag="362" ind1="0" ind2=" ">
    <marc:subfield code="a">Roč. 1, č.1 (1922) - roč.19, č.19 (1941)</marc:subfield>
  </marc:datafield>
  <marc:datafield tag="500" ind1=" " ind2=" ">
    <marc:subfield code="a">Drobné změny podnázvů dle změn korporací (Oficielní orgán Jihočes. župy footballové; Čsl. svazu footballového a Jihočes. župy footballové; Oficielní orgán Č.S.S.F., Jihočes. župy footballové, Čes. Ski-klubu, šachové župy a Čes. Tennis-klubu v Čes. Budějovicích; Oficielní orgán Č.S.S.F., Jihočes. župy footballové, Čes.Ski-klubu, Jihočes. župy svazu lyžařů ČSR, šachové župy, Čes. Tennis-klubu a Radiotechniky v Čes. Budějovicích; Oficielní orgán Jihočes. župy footballové, Jihočeské odbočky footbal. soudců, Čes. Ski-klubu, Jihočes. okrsku Čs.A.A.U., šachové župy, Čes. Tennis-klubu a Radiotechniky v Čes. Budějovicích; Úřední list Jihočeské župy footballové, Jihočeské odbočky Svazu footballových rozhodčích, Jihočeské župy ledního hokeje)</marc:subfield>
  </marc:datafield>
  <marc:datafield tag="650" ind1=" " ind2="7">
    <marc:subfield code="a">sport</marc:subfield>
    <marc:subfield code="7">ph116248</marc:subfield>
    <marc:subfield code="2">czenas</marc:subfield>
  </marc:datafield>
  <marc:datafield tag="650" ind1=" " ind2="7">
    <marc:subfield code="a">regionální periodika</marc:subfield>
    <marc:subfield code="y">1921-1930</marc:subfield>
    <marc:subfield code="7">ph119614</marc:subfield>
    <marc:subfield code="2">czenas</marc:subfield>
  </marc:datafield>
  <marc:datafield tag="650" ind1=" " ind2="7">
    <marc:subfield code="a">regionální periodika</marc:subfield>
    <marc:subfield code="y">1931-1940</marc:subfield>
    <marc:subfield code="7">ph119614</marc:subfield>
    <marc:subfield code="2">czenas</marc:subfield>
  </marc:datafield>
  <marc:datafield tag="650" ind1=" " ind2="7">
    <marc:subfield code="a">regionální periodika</marc:subfield>
    <marc:subfield code="y">1941-1950</marc:subfield>
    <marc:subfield code="7">ph119614</marc:subfield>
    <marc:subfield code="2">czenas</marc:subfield>
  </marc:datafield>
  <marc:datafield tag="651" ind1=" " ind2="7">
    <marc:subfield code="a">Čechy jižní (Česko)</marc:subfield>
    <marc:subfield code="7">ge131648</marc:subfield>
    <marc:subfield code="2">czenas</marc:subfield>
  </marc:datafield>
  <marc:datafield tag="655" ind1=" " ind2="4">
    <marc:subfield code="a">noviny</marc:subfield>
  </marc:datafield>
  <marc:datafield tag="910" ind1=" " ind2=" ">
    <marc:subfield code="a">CBA001</marc:subfield>
    <marc:subfield code="r">1922-23,38-39,41</marc:subfield>
  </marc:datafield>
  <marc:datafield tag="911" ind1=" " ind2=" ">
    <marc:subfield code="a">CBE301</marc:subfield>
    <marc:subfield code="d">digitalizuje se</marc:subfield>
  </marc:datafield>
</marc:record>
    </metadata>
  </record>