
  <record>
    <header>
      <identifier>oai:katalog.cbvk.cz:CbvkUsCat/s0006002</identifier>
      <datestamp>2018-07-23T13:44:54Z</datestamp>
      <setSpec>RDIG1</setSpec>
    </header>
    <metadata>
<marc:record
  xmlns:marc="http://www.loc.gov/MARC21/slim"
  xmlns:xsi="http://www.w3.org/2001/XMLSchema-instance"
  xsi:schemaLocation="http://www.loc.gov/MARC21/slim
  http://www.loc.gov/standards/marcxml/schema/MARC21slim.xsd">
  <marc:leader>00000nas a22     3i 4500</marc:leader>
  <marc:controlfield tag="001">s0006002</marc:controlfield>
  <marc:controlfield tag="003">CZ-CbJVK</marc:controlfield>
  <marc:controlfield tag="005">20180723134454.9</marc:controlfield>
  <marc:controlfield tag="007">ta</marc:controlfield>
  <marc:controlfield tag="008">050526c20059999xr-au-pe------0---b0cze--</marc:controlfield>
  <marc:datafield tag="015" ind1=" " ind2=" ">
    <marc:subfield code="a">cnb001721223</marc:subfield>
  </marc:datafield>
  <marc:datafield tag="022" ind1=" " ind2=" ">
    <marc:subfield code="a">1804-3186</marc:subfield>
  </marc:datafield>
  <marc:datafield tag="035" ind1=" " ind2=" ">
    <marc:subfield code="a">(OCoLC)186975404</marc:subfield>
  </marc:datafield>
  <marc:datafield tag="040" ind1=" " ind2=" ">
    <marc:subfield code="a">CBA001</marc:subfield>
    <marc:subfield code="b">cze</marc:subfield>
    <marc:subfield code="e">rda</marc:subfield>
  </marc:datafield>
  <marc:datafield tag="043" ind1=" " ind2=" ">
    <marc:subfield code="a">e-xr---</marc:subfield>
    <marc:subfield code="b">e-xr-jc</marc:subfield>
    <marc:subfield code="2">czenas</marc:subfield>
  </marc:datafield>
  <marc:datafield tag="072" ind1=" " ind2="7">
    <marc:subfield code="a">71</marc:subfield>
    <marc:subfield code="x">Územní plánování. Urbanismus. Památková péče</marc:subfield>
    <marc:subfield code="9">21</marc:subfield>
    <marc:subfield code="2">Konspekt</marc:subfield>
  </marc:datafield>
  <marc:datafield tag="080" ind1=" " ind2=" ">
    <marc:subfield code="a">(437.319)</marc:subfield>
    <marc:subfield code="2">MRF</marc:subfield>
  </marc:datafield>
  <marc:datafield tag="080" ind1=" " ind2=" ">
    <marc:subfield code="a">911.375</marc:subfield>
    <marc:subfield code="2">MRF</marc:subfield>
  </marc:datafield>
  <marc:datafield tag="080" ind1=" " ind2=" ">
    <marc:subfield code="a">908(437.319)</marc:subfield>
    <marc:subfield code="2">MRF</marc:subfield>
  </marc:datafield>
  <marc:datafield tag="080" ind1=" " ind2=" ">
    <marc:subfield code="a">94(437.31)</marc:subfield>
    <marc:subfield code="2">MRF</marc:subfield>
  </marc:datafield>
  <marc:datafield tag="245" ind1="0" ind2="0">
    <marc:subfield code="a">Staré Budějovice :</marc:subfield>
    <marc:subfield code="b">sborník prací k dějinám královského města Českých Budějovic</marc:subfield>
  </marc:datafield>
  <marc:datafield tag="264" ind1=" " ind2="1">
    <marc:subfield code="a">v Českých Budějovicích :</marc:subfield>
    <marc:subfield code="b">Historicko-vlastivědný spolek v Českých Budějovicích,</marc:subfield>
    <marc:subfield code="c">2005-</marc:subfield>
  </marc:datafield>
  <marc:datafield tag="300" ind1=" " ind2=" ">
    <marc:subfield code="a">   svazků</marc:subfield>
  </marc:datafield>
  <marc:datafield tag="310" ind1=" " ind2=" ">
    <marc:subfield code="a">Neurčitelná periodicita</marc:subfield>
  </marc:datafield>
  <marc:datafield tag="336" ind1=" " ind2=" ">
    <marc:subfield code="a">text</marc:subfield>
    <marc:subfield code="b">txt</marc:subfield>
    <marc:subfield code="2">rdacontent</marc:subfield>
  </marc:datafield>
  <marc:datafield tag="337" ind1=" " ind2=" ">
    <marc:subfield code="a">bez média</marc:subfield>
    <marc:subfield code="b">n</marc:subfield>
    <marc:subfield code="2">rdamedia</marc:subfield>
  </marc:datafield>
  <marc:datafield tag="338" ind1=" " ind2=" ">
    <marc:subfield code="a">svazek</marc:subfield>
    <marc:subfield code="b">nc</marc:subfield>
    <marc:subfield code="2">rdacarrier</marc:subfield>
  </marc:datafield>
  <marc:datafield tag="362" ind1="0" ind2=" ">
    <marc:subfield code="a">2005-</marc:subfield>
  </marc:datafield>
  <marc:datafield tag="650" ind1=" " ind2="7">
    <marc:subfield code="a">města</marc:subfield>
    <marc:subfield code="z">Česko</marc:subfield>
    <marc:subfield code="7">ph115399</marc:subfield>
    <marc:subfield code="2">czenas</marc:subfield>
  </marc:datafield>
  <marc:datafield tag="650" ind1=" " ind2="4">
    <marc:subfield code="a">dějiny měst</marc:subfield>
    <marc:subfield code="z">České Budějovice (Česko)</marc:subfield>
    <marc:subfield code="7">ph927609</marc:subfield>
  </marc:datafield>
  <marc:datafield tag="650" ind1="0" ind2="7">
    <marc:subfield code="a">regionální periodika</marc:subfield>
    <marc:subfield code="y">2001-2010</marc:subfield>
    <marc:subfield code="7">ph119614</marc:subfield>
    <marc:subfield code="2">czenas</marc:subfield>
  </marc:datafield>
  <marc:datafield tag="651" ind1=" " ind2="7">
    <marc:subfield code="a">České Budějovice (Česko)</marc:subfield>
    <marc:subfield code="x">dějiny</marc:subfield>
    <marc:subfield code="7">ge131699</marc:subfield>
  </marc:datafield>
  <marc:datafield tag="655" ind1=" " ind2="7">
    <marc:subfield code="a">sborníky</marc:subfield>
    <marc:subfield code="7">fd163935</marc:subfield>
    <marc:subfield code="2">czenas</marc:subfield>
  </marc:datafield>
  <marc:datafield tag="710" ind1="2" ind2=" ">
    <marc:subfield code="a">Historicko-vlastivědný spolek v Českých Budějovicích</marc:subfield>
    <marc:subfield code="7">ko2002149090</marc:subfield>
    <marc:subfield code="4">pbl</marc:subfield>
  </marc:datafield>
  <marc:datafield tag="856" ind1="4" ind2="1">
    <marc:subfield code="u">http://kramerius.cbvk.cz/search/handle/uuid:dc729184-c171-4753-b224-eeafff69a59c</marc:subfield>
    <marc:subfield code="y">Digitalizovaný dokument</marc:subfield>
    <marc:subfield code="3">Digitalizovaný dokument</marc:subfield>
  </marc:datafield>
  <marc:datafield tag="910" ind1=" " ind2=" ">
    <marc:subfield code="a">CBA001</marc:subfield>
    <marc:subfield code="r">2005-</marc:subfield>
    <marc:subfield code="o">2013</marc:subfield>
  </marc:datafield>
  <marc:datafield tag="911" ind1=" " ind2=" ">
    <marc:subfield code="a">CBA001</marc:subfield>
    <marc:subfield code="d">zdigitalizováno</marc:subfield>
    <marc:subfield code="u">http://kramerius.cbvk.cz/search/handle/uuid:dc729184-c171-4753-b224-eeafff69a59c</marc:subfield>
    <marc:subfield code="r">2005,2006,2008,2010,2013</marc:subfield>
    <marc:subfield code="s">1,2,3,4,5</marc:subfield>
  </marc:datafield>
</marc:record>
    </metadata>
  </record>