
  <record>
    <header>
      <identifier>oai:katalog.cbvk.cz:CbvkUsCat/s0007129</identifier>
      <datestamp>2019-02-11T13:46:03Z</datestamp>
      <setSpec>RDIG1</setSpec>
    </header>
    <metadata>
<marc:record
  xmlns:marc="http://www.loc.gov/MARC21/slim"
  xmlns:xsi="http://www.w3.org/2001/XMLSchema-instance"
  xsi:schemaLocation="http://www.loc.gov/MARC21/slim
  http://www.loc.gov/standards/marcxml/schema/MARC21slim.xsd">
  <marc:leader>00000nas a22     3i 4500</marc:leader>
  <marc:controlfield tag="001">s0007129</marc:controlfield>
  <marc:controlfield tag="003">CZ-CbJVK</marc:controlfield>
  <marc:controlfield tag="005">20190211134603.4</marc:controlfield>
  <marc:controlfield tag="007">ta</marc:controlfield>
  <marc:controlfield tag="008">020219c19949999xr-qr-pe------0---b0cze--</marc:controlfield>
  <marc:datafield tag="015" ind1=" " ind2=" ">
    <marc:subfield code="a">cnb000360055</marc:subfield>
  </marc:datafield>
  <marc:datafield tag="022" ind1=" " ind2=" ">
    <marc:subfield code="a">1212-0596</marc:subfield>
  </marc:datafield>
  <marc:datafield tag="040" ind1=" " ind2=" ">
    <marc:subfield code="a">CBA001</marc:subfield>
    <marc:subfield code="b">cze</marc:subfield>
    <marc:subfield code="e">rda</marc:subfield>
  </marc:datafield>
  <marc:datafield tag="043" ind1=" " ind2=" ">
    <marc:subfield code="a">e-xr---</marc:subfield>
    <marc:subfield code="b">e-xr-jc</marc:subfield>
    <marc:subfield code="2">czenas</marc:subfield>
  </marc:datafield>
  <marc:datafield tag="072" ind1=" " ind2="7">
    <marc:subfield code="a">9</marc:subfield>
    <marc:subfield code="x">Geografie. Biografické studie. Dějiny</marc:subfield>
    <marc:subfield code="9">8</marc:subfield>
    <marc:subfield code="2">Konspekt</marc:subfield>
  </marc:datafield>
  <marc:datafield tag="080" ind1=" " ind2=" ">
    <marc:subfield code="a">908</marc:subfield>
    <marc:subfield code="2">MRF</marc:subfield>
  </marc:datafield>
  <marc:datafield tag="080" ind1=" " ind2=" ">
    <marc:subfield code="a">(437.31-13)</marc:subfield>
    <marc:subfield code="2">MRF</marc:subfield>
  </marc:datafield>
  <marc:datafield tag="080" ind1=" " ind2=" ">
    <marc:subfield code="a">[050+070.48]-027.541</marc:subfield>
    <marc:subfield code="2">MRF</marc:subfield>
  </marc:datafield>
  <marc:datafield tag="080" ind1=" " ind2=" ">
    <marc:subfield code="a">930</marc:subfield>
    <marc:subfield code="2">MRF</marc:subfield>
  </marc:datafield>
  <marc:datafield tag="245" ind1="0" ind2="0">
    <marc:subfield code="a">Výběr :</marc:subfield>
    <marc:subfield code="b">časopis pro historii a vlastivědu jižních Čech</marc:subfield>
  </marc:datafield>
  <marc:datafield tag="264" ind1=" " ind2="1">
    <marc:subfield code="a">V Českých Budějovicích :</marc:subfield>
    <marc:subfield code="b">Jihočeské muzeum,</marc:subfield>
    <marc:subfield code="c">1994-</marc:subfield>
  </marc:datafield>
  <marc:datafield tag="310" ind1=" " ind2=" ">
    <marc:subfield code="a">Čtvrtletně</marc:subfield>
  </marc:datafield>
  <marc:datafield tag="336" ind1=" " ind2=" ">
    <marc:subfield code="a">text</marc:subfield>
    <marc:subfield code="b">txt</marc:subfield>
    <marc:subfield code="2">rdacontent</marc:subfield>
  </marc:datafield>
  <marc:datafield tag="337" ind1=" " ind2=" ">
    <marc:subfield code="a">bez média</marc:subfield>
    <marc:subfield code="b">n</marc:subfield>
    <marc:subfield code="2">rdamedia</marc:subfield>
  </marc:datafield>
  <marc:datafield tag="338" ind1=" " ind2=" ">
    <marc:subfield code="a">svazek</marc:subfield>
    <marc:subfield code="b">nc</marc:subfield>
    <marc:subfield code="2">rdacarrier</marc:subfield>
  </marc:datafield>
  <marc:datafield tag="362" ind1="0" ind2=" ">
    <marc:subfield code="a">Roč. 31, č. 1 (1994)-</marc:subfield>
  </marc:datafield>
  <marc:datafield tag="525" ind1=" " ind2=" ">
    <marc:subfield code="a">Samost. příl.: Bibliografický přehled ročníků ...</marc:subfield>
  </marc:datafield>
  <marc:datafield tag="610" ind1="2" ind2="7">
    <marc:subfield code="a">Jihočeské muzeum (České Budějovice, Česko)</marc:subfield>
    <marc:subfield code="7">kn20010724341</marc:subfield>
    <marc:subfield code="2">czenas</marc:subfield>
  </marc:datafield>
  <marc:datafield tag="650" ind1=" " ind2="7">
    <marc:subfield code="a">vlastivěda</marc:subfield>
    <marc:subfield code="7">ph137666</marc:subfield>
    <marc:subfield code="2">czenas</marc:subfield>
  </marc:datafield>
  <marc:datafield tag="650" ind1="0" ind2="7">
    <marc:subfield code="a">regionální periodika</marc:subfield>
    <marc:subfield code="y">1991-2000</marc:subfield>
    <marc:subfield code="7">ph119614</marc:subfield>
    <marc:subfield code="2">czenas</marc:subfield>
  </marc:datafield>
  <marc:datafield tag="650" ind1="0" ind2="7">
    <marc:subfield code="a">regionální periodika</marc:subfield>
    <marc:subfield code="y">2001-2010</marc:subfield>
    <marc:subfield code="7">ph119614</marc:subfield>
    <marc:subfield code="2">czenas</marc:subfield>
  </marc:datafield>
  <marc:datafield tag="650" ind1="0" ind2="7">
    <marc:subfield code="a">regionální periodika</marc:subfield>
    <marc:subfield code="y">2011-2020</marc:subfield>
    <marc:subfield code="7">ph119614</marc:subfield>
    <marc:subfield code="2">czenas</marc:subfield>
  </marc:datafield>
  <marc:datafield tag="651" ind1=" " ind2="7">
    <marc:subfield code="a">Čechy jižní (Česko)</marc:subfield>
    <marc:subfield code="7">ge131648</marc:subfield>
    <marc:subfield code="2">czenas</marc:subfield>
  </marc:datafield>
  <marc:datafield tag="655" ind1=" " ind2="7">
    <marc:subfield code="a">časopisy</marc:subfield>
    <marc:subfield code="7">fd133947</marc:subfield>
    <marc:subfield code="2">czenas</marc:subfield>
  </marc:datafield>
  <marc:datafield tag="710" ind1="2" ind2=" ">
    <marc:subfield code="a">Jihočeské muzeum (České Budějovice, Česko)</marc:subfield>
    <marc:subfield code="7">kn20010724341</marc:subfield>
    <marc:subfield code="4">pbl</marc:subfield>
  </marc:datafield>
  <marc:datafield tag="780" ind1="0" ind2="0">
    <marc:subfield code="x">0862-5417</marc:subfield>
    <marc:subfield code="t">Výběr z prací členů Historického klubu při Jihočeském muzeu v Českých Budějovicích</marc:subfield>
  </marc:datafield>
  <marc:datafield tag="856" ind1="4" ind2="1">
    <marc:subfield code="u">http://kramerius.cbvk.cz:8080/search/handle/uuid:c2f30edb-0542-44c4-b2e6-e61c8a8754a7</marc:subfield>
    <marc:subfield code="3">Digitalizovaný dokument</marc:subfield>
    <marc:subfield code="y">Digitalizovaný dokument</marc:subfield>
  </marc:datafield>
  <marc:datafield tag="910" ind1=" " ind2=" ">
    <marc:subfield code="a">CBA001</marc:subfield>
    <marc:subfield code="r">1994-</marc:subfield>
    <marc:subfield code="o">2018</marc:subfield>
  </marc:datafield>
  <marc:datafield tag="911" ind1=" " ind2=" ">
    <marc:subfield code="a">CBA001</marc:subfield>
    <marc:subfield code="d">zdigitalizováno</marc:subfield>
    <marc:subfield code="r">1994-2016</marc:subfield>
    <marc:subfield code="u">http://kramerius.cbvk.cz:8080/search/handle/uuid:c2f30edb-0542-44c4-b2e6-e61c8a8754a7</marc:subfield>
  </marc:datafield>
</marc:record>
    </metadata>
  </record>