
  <record>
    <header>
      <identifier>oai:katalog.cbvk.cz:CbvkUsCat/m0313408</identifier>
      <datestamp>2018-08-06T14:26:33Z</datestamp>
      <setSpec>RDIG1</setSpec>
    </header>
    <metadata>
<marc:record
  xmlns:marc="http://www.loc.gov/MARC21/slim"
  xmlns:xsi="http://www.w3.org/2001/XMLSchema-instance"
  xsi:schemaLocation="http://www.loc.gov/MARC21/slim
  http://www.loc.gov/standards/marcxml/schema/MARC21slim.xsd">
  <marc:leader>01968nam a2200361 a 4500</marc:leader>
  <marc:controlfield tag="001">m0313408</marc:controlfield>
  <marc:controlfield tag="003">CZ-CbJVK</marc:controlfield>
  <marc:controlfield tag="005">20180806142633.9</marc:controlfield>
  <marc:controlfield tag="007">ta</marc:controlfield>
  <marc:controlfield tag="008">091104s1832----xr-aef-e------000-0-ger--</marc:controlfield>
  <marc:datafield tag="015" ind1=" " ind2=" ">
    <marc:subfield code="a">cnb002009429</marc:subfield>
  </marc:datafield>
  <marc:datafield tag="020" ind1=" " ind2=" ">
    <marc:subfield code="a">(Váz.)</marc:subfield>
  </marc:datafield>
  <marc:datafield tag="040" ind1=" " ind2=" ">
    <marc:subfield code="a">ABA001</marc:subfield>
    <marc:subfield code="b">cze</marc:subfield>
  </marc:datafield>
  <marc:datafield tag="041" ind1="0" ind2=" ">
    <marc:subfield code="a">ger</marc:subfield>
    <marc:subfield code="a">lat</marc:subfield>
  </marc:datafield>
  <marc:datafield tag="043" ind1=" " ind2=" ">
    <marc:subfield code="a">e-xr---</marc:subfield>
  </marc:datafield>
  <marc:datafield tag="072" ind1=" " ind2="7">
    <marc:subfield code="a">94(437)</marc:subfield>
    <marc:subfield code="x">Dějiny Česka a Slovenska</marc:subfield>
    <marc:subfield code="2">Konspekt</marc:subfield>
    <marc:subfield code="9">8</marc:subfield>
  </marc:datafield>
  <marc:datafield tag="080" ind1=" " ind2=" ">
    <marc:subfield code="a">(437.31-13)</marc:subfield>
    <marc:subfield code="2">MRF</marc:subfield>
  </marc:datafield>
  <marc:datafield tag="080" ind1=" " ind2=" ">
    <marc:subfield code="a">(437.1-13)</marc:subfield>
    <marc:subfield code="2">MRF</marc:subfield>
  </marc:datafield>
  <marc:datafield tag="080" ind1=" " ind2=" ">
    <marc:subfield code="a">93/94</marc:subfield>
    <marc:subfield code="2">MRF</marc:subfield>
  </marc:datafield>
  <marc:datafield tag="080" ind1=" " ind2=" ">
    <marc:subfield code="a">94(437.3)</marc:subfield>
    <marc:subfield code="2">MRF</marc:subfield>
  </marc:datafield>
  <marc:datafield tag="080" ind1=" " ind2=" ">
    <marc:subfield code="a">908(437.3)</marc:subfield>
    <marc:subfield code="2">MRF</marc:subfield>
  </marc:datafield>
  <marc:datafield tag="080" ind1=" " ind2=" ">
    <marc:subfield code="a">(081)</marc:subfield>
    <marc:subfield code="2">MRF</marc:subfield>
  </marc:datafield>
  <marc:datafield tag="100" ind1="1" ind2=" ">
    <marc:subfield code="a">Millauer, Franz Xaver Maximillian,</marc:subfield>
    <marc:subfield code="d">1784-1840</marc:subfield>
    <marc:subfield code="7">jk01081708</marc:subfield>
    <marc:subfield code="4">aut</marc:subfield>
  </marc:datafield>
  <marc:datafield tag="245" ind1="1" ind2="0">
    <marc:subfield code="a">Vaterländisch-historische Aufsätze.</marc:subfield>
    <marc:subfield code="n">Erster Band /</marc:subfield>
    <marc:subfield code="c">von Maximilian František Millauer</marc:subfield>
  </marc:datafield>
  <marc:datafield tag="260" ind1=" " ind2=" ">
    <marc:subfield code="a">Prag :</marc:subfield>
    <marc:subfield code="b">Gottlieb Haase Söhne,</marc:subfield>
    <marc:subfield code="c">1832</marc:subfield>
  </marc:datafield>
  <marc:datafield tag="300" ind1=" " ind2=" ">
    <marc:subfield code="a">[554] s. v různém stránkování, [4] l. obr. příl. :</marc:subfield>
    <marc:subfield code="b">il., plány ;</marc:subfield>
    <marc:subfield code="c">20 cm</marc:subfield>
  </marc:datafield>
  <marc:datafield tag="500" ind1=" " ind2=" ">
    <marc:subfield code="a">Vydání Millauerových praci s let 1817-1832 pod soubornou tit. s., jednotlivá díla mají své původní tit. s. s původním vročením a své stránkování</marc:subfield>
  </marc:datafield>
  <marc:datafield tag="505" ind1="0" ind2="0">
    <marc:subfield code="t">Uiber die Erbauung der königl. befreyten Berg- und Kreisstadt Budweis in Böhmen.</marc:subfield>
    <marc:subfield code="g">29 s. --</marc:subfield>
    <marc:subfield code="t">Fragmente aus dem Nekrolog des Zisterzienser-Stiftes Hohenfurt.</marc:subfield>
    <marc:subfield code="g">70 s. --</marc:subfield>
    <marc:subfield code="t">Kritische Beiträge zu A. Voigts Versuch einer Geschichte der Universität in Prag.</marc:subfield>
    <marc:subfield code="g">46 s. --</marc:subfield>
    <marc:subfield code="t">Böhmens Denkmahle der Tempelherren.</marc:subfield>
    <marc:subfield code="g">viii, 54 s. --</marc:subfield>
    <marc:subfield code="t">Ritter von Poresching im Süden Böhmens.</marc:subfield>
    <marc:subfield code="g">36 s. --</marc:subfield>
    <marc:subfield code="t">Diplomatisch-historische Aufsätze über Johann Žižka von Trocnow .</marc:subfield>
    <marc:subfield code="g">60 s. --</marc:subfield>
    <marc:subfield code="t">Grabstätten und Grabmäler der Landesfürsten Böhmens.</marc:subfield>
    <marc:subfield code="g">90 s. --</marc:subfield>
    <marc:subfield code="t">Kirche zu Bohnitz.</marc:subfield>
    <marc:subfield code="g">15 s. --</marc:subfield>
    <marc:subfield code="t">Deutsche Ritterorden in Böhmen.</marc:subfield>
    <marc:subfield code="g">208 s.</marc:subfield>
  </marc:datafield>
  <marc:datafield tag="546" ind1=" " ind2=" ">
    <marc:subfield code="a">Tištěno švabachem, část. latinský text latinkou</marc:subfield>
  </marc:datafield>
  <marc:datafield tag="651" ind1=" " ind2="7">
    <marc:subfield code="a">Česko</marc:subfield>
    <marc:subfield code="x">dějiny</marc:subfield>
    <marc:subfield code="7">ge128065</marc:subfield>
    <marc:subfield code="2">czenas</marc:subfield>
  </marc:datafield>
  <marc:datafield tag="651" ind1=" " ind2="7">
    <marc:subfield code="a">Česko</marc:subfield>
    <marc:subfield code="x">vlastivěda</marc:subfield>
    <marc:subfield code="7">ge128065</marc:subfield>
    <marc:subfield code="2">czenas</marc:subfield>
  </marc:datafield>
  <marc:datafield tag="651" ind1=" " ind2="7">
    <marc:subfield code="a">Čechy jižní (Česko)</marc:subfield>
    <marc:subfield code="x">dějiny</marc:subfield>
    <marc:subfield code="7">ge131648</marc:subfield>
    <marc:subfield code="2">czenas</marc:subfield>
  </marc:datafield>
  <marc:datafield tag="655" ind1=" " ind2="7">
    <marc:subfield code="a">sborníky</marc:subfield>
    <marc:subfield code="7">fd163935</marc:subfield>
    <marc:subfield code="2">czenas</marc:subfield>
  </marc:datafield>
  <marc:datafield tag="787" ind1="0" ind2=" ">
    <marc:subfield code="t">Abhandlungen der königlichen böhmishen Gesellschaft der Wissenschaften</marc:subfield>
    <marc:subfield code="h">   sv.</marc:subfield>
    <marc:subfield code="d">Praha : Haase, 1785-1875</marc:subfield>
  </marc:datafield>
  <marc:datafield tag="856" ind1="4" ind2="1">
    <marc:subfield code="3">Digitalizovaný dokument</marc:subfield>
    <marc:subfield code="u">http://kramerius.cbvk.cz:8080/search/handle/uuid:fd84d500-840e-4978-88bb-9c39917e6f24</marc:subfield>
    <marc:subfield code="y">Digitalizovaný dokument</marc:subfield>
  </marc:datafield>
  <marc:datafield tag="910" ind1=" " ind2=" ">
    <marc:subfield code="a">CBA001</marc:subfield>
  </marc:datafield>
  <marc:datafield tag="911" ind1=" " ind2=" ">
    <marc:subfield code="a">CBA001</marc:subfield>
    <marc:subfield code="d">zdigitalizováno</marc:subfield>
    <marc:subfield code="u">http://kramerius.cbvk.cz:8080/search/handle/uuid:fd84d500-840e-4978-88bb-9c39917e6f24</marc:subfield>
  </marc:datafield>
</marc:record>
    </metadata>
  </record>