
  <record>
    <header>
      <identifier>oai:katalog.cbvk.cz:CbvkUsCat/0018537</identifier>
      <datestamp>2019-02-11T16:57:09Z</datestamp>
      <setSpec>RDIG1</setSpec>
    </header>
    <metadata>
<marc:record
  xmlns:marc="http://www.loc.gov/MARC21/slim"
  xmlns:xsi="http://www.w3.org/2001/XMLSchema-instance"
  xsi:schemaLocation="http://www.loc.gov/MARC21/slim
  http://www.loc.gov/standards/marcxml/schema/MARC21slim.xsd">
  <marc:leader>01742nas a2200469 i 4500</marc:leader>
  <marc:controlfield tag="001">0018537</marc:controlfield>
  <marc:controlfield tag="003">CZ-CbJVK</marc:controlfield>
  <marc:controlfield tag="005">20190211165709.4</marc:controlfield>
  <marc:controlfield tag="007">ta</marc:controlfield>
  <marc:controlfield tag="008">061212c20069999xr-dr-ne------0---b0cze--</marc:controlfield>
  <marc:datafield tag="015" ind1=" " ind2=" ">
    <marc:subfield code="a">cnb001701594</marc:subfield>
  </marc:datafield>
  <marc:datafield tag="022" ind1=" " ind2=" ">
    <marc:subfield code="a">1802-0798</marc:subfield>
  </marc:datafield>
  <marc:datafield tag="040" ind1=" " ind2=" ">
    <marc:subfield code="a">CBA001</marc:subfield>
    <marc:subfield code="d">CBA001</marc:subfield>
    <marc:subfield code="b">cze</marc:subfield>
    <marc:subfield code="e">rda</marc:subfield>
  </marc:datafield>
  <marc:datafield tag="043" ind1=" " ind2=" ">
    <marc:subfield code="a">e-xr---</marc:subfield>
    <marc:subfield code="b">e-xr-jc</marc:subfield>
    <marc:subfield code="2">czenas</marc:subfield>
  </marc:datafield>
  <marc:datafield tag="072" ind1=" " ind2="7">
    <marc:subfield code="a">070</marc:subfield>
    <marc:subfield code="x">Noviny. Tisk. Žurnalistika</marc:subfield>
    <marc:subfield code="2">Konspekt</marc:subfield>
    <marc:subfield code="9">12</marc:subfield>
  </marc:datafield>
  <marc:datafield tag="080" ind1=" " ind2=" ">
    <marc:subfield code="a">(437.319)</marc:subfield>
    <marc:subfield code="2">MRF</marc:subfield>
  </marc:datafield>
  <marc:datafield tag="080" ind1=" " ind2=" ">
    <marc:subfield code="a">32</marc:subfield>
    <marc:subfield code="2">MRF</marc:subfield>
  </marc:datafield>
  <marc:datafield tag="080" ind1=" " ind2=" ">
    <marc:subfield code="a">(054)-027.541</marc:subfield>
    <marc:subfield code="2">MRF</marc:subfield>
  </marc:datafield>
  <marc:datafield tag="080" ind1=" " ind2=" ">
    <marc:subfield code="a">[050+070.48]-027.541</marc:subfield>
    <marc:subfield code="2">MRF</marc:subfield>
  </marc:datafield>
  <marc:datafield tag="080" ind1=" " ind2=" ">
    <marc:subfield code="a">(054)</marc:subfield>
    <marc:subfield code="2">MRF</marc:subfield>
  </marc:datafield>
  <marc:datafield tag="080" ind1=" " ind2=" ">
    <marc:subfield code="a">070</marc:subfield>
    <marc:subfield code="2">MRF</marc:subfield>
  </marc:datafield>
  <marc:datafield tag="245" ind1="0" ind2="0">
    <marc:subfield code="a">Českobudějovický deník :</marc:subfield>
    <marc:subfield code="b">nejčtenější regionální noviny</marc:subfield>
  </marc:datafield>
  <marc:datafield tag="246" ind1="3" ind2="3">
    <marc:subfield code="a">Deník: Jižní Čechy</marc:subfield>
  </marc:datafield>
  <marc:datafield tag="264" ind1=" " ind2="1">
    <marc:subfield code="a">České Budějovice :</marc:subfield>
    <marc:subfield code="b">Vltava-Labe-Press,</marc:subfield>
    <marc:subfield code="c">2006-</marc:subfield>
  </marc:datafield>
  <marc:datafield tag="310" ind1=" " ind2=" ">
    <marc:subfield code="a">denně</marc:subfield>
  </marc:datafield>
  <marc:datafield tag="336" ind1=" " ind2=" ">
    <marc:subfield code="a">text</marc:subfield>
    <marc:subfield code="b">txt</marc:subfield>
    <marc:subfield code="2">rdacontent</marc:subfield>
  </marc:datafield>
  <marc:datafield tag="337" ind1=" " ind2=" ">
    <marc:subfield code="a">bez média</marc:subfield>
    <marc:subfield code="b">n</marc:subfield>
    <marc:subfield code="2">rdamedia</marc:subfield>
  </marc:datafield>
  <marc:datafield tag="338" ind1=" " ind2=" ">
    <marc:subfield code="a">svazek</marc:subfield>
    <marc:subfield code="b">nc</marc:subfield>
    <marc:subfield code="2">rdacarrier</marc:subfield>
  </marc:datafield>
  <marc:datafield tag="362" ind1="0" ind2=" ">
    <marc:subfield code="a">Č. 218 (18.9.2006)-</marc:subfield>
  </marc:datafield>
  <marc:datafield tag="500" ind1=" " ind2=" ">
    <marc:subfield code="a">Dříve jako Českobudějovické listy: do č. 217 r. 2006</marc:subfield>
  </marc:datafield>
  <marc:datafield tag="500" ind1=" " ind2=" ">
    <marc:subfield code="a">Číslování navazuje na předcházející titul</marc:subfield>
  </marc:datafield>
  <marc:datafield tag="525" ind1=" " ind2=" ">
    <marc:subfield code="a">Přílohy: ST: Týdenní info-tip (2006- ) -- 1x měsíčně: Jihočeské noviny (2006-12/2008) -- SO: Kanape (2006-6/2007) dále jako Léto &amp; hobby (7/2007-10/2007) názvy této přílohy se stále mění -- SO: Babyboom (11/2007-12/2008) dále jako Moje rodina (rubrika) -- PÁ: Svět plus (12/2007-10/2008)</marc:subfield>
  </marc:datafield>
  <marc:datafield tag="650" ind1="0" ind2="7">
    <marc:subfield code="a">regionální periodika</marc:subfield>
    <marc:subfield code="y">2001-2010</marc:subfield>
    <marc:subfield code="7">ph119614</marc:subfield>
    <marc:subfield code="2">czenas</marc:subfield>
  </marc:datafield>
  <marc:datafield tag="650" ind1="0" ind2="7">
    <marc:subfield code="a">regionální periodika</marc:subfield>
    <marc:subfield code="y">2011-2020</marc:subfield>
    <marc:subfield code="7">ph119614</marc:subfield>
    <marc:subfield code="2">czenas</marc:subfield>
  </marc:datafield>
  <marc:datafield tag="650" ind1=" " ind2="7">
    <marc:subfield code="a">politika</marc:subfield>
    <marc:subfield code="7">ph115795</marc:subfield>
    <marc:subfield code="2">czenas</marc:subfield>
  </marc:datafield>
  <marc:datafield tag="651" ind1=" " ind2="7">
    <marc:subfield code="a">České Budějovice (Česko : oblast)</marc:subfield>
    <marc:subfield code="7">ge135833</marc:subfield>
    <marc:subfield code="2">czenas</marc:subfield>
  </marc:datafield>
  <marc:datafield tag="655" ind1=" " ind2="7">
    <marc:subfield code="a">regionální deníky</marc:subfield>
    <marc:subfield code="7">fd133240</marc:subfield>
    <marc:subfield code="2">czenas</marc:subfield>
  </marc:datafield>
  <marc:datafield tag="655" ind1=" " ind2="4">
    <marc:subfield code="a">noviny</marc:subfield>
  </marc:datafield>
  <marc:datafield tag="710" ind1="2" ind2=" ">
    <marc:subfield code="a">Vltava-Labe-Press (firma)</marc:subfield>
    <marc:subfield code="7">olak2006319276</marc:subfield>
    <marc:subfield code="4">pbl</marc:subfield>
  </marc:datafield>
  <marc:datafield tag="770" ind1="0" ind2=" ">
    <marc:subfield code="t">TV magazín</marc:subfield>
    <marc:subfield code="d">Praha : Astrosat, 1992-</marc:subfield>
    <marc:subfield code="x">1210-5120</marc:subfield>
  </marc:datafield>
  <marc:datafield tag="770" ind1="0" ind2=" ">
    <marc:subfield code="t">Moje rodina</marc:subfield>
    <marc:subfield code="h">   svazků</marc:subfield>
    <marc:subfield code="d">České Budějovice : Vltava-Labe-Press, 2009-</marc:subfield>
  </marc:datafield>
  <marc:datafield tag="770" ind1="0" ind2=" ">
    <marc:subfield code="t">Českobudějovický týden</marc:subfield>
    <marc:subfield code="x">2570-9984</marc:subfield>
    <marc:subfield code="d">Praha : Vltava Labe Media a.s., 2018-</marc:subfield>
  </marc:datafield>
  <marc:datafield tag="780" ind1="0" ind2="0">
    <marc:subfield code="t">Českobudějovické listy</marc:subfield>
    <marc:subfield code="x">1210-5015 (Jihočeské listy)</marc:subfield>
  </marc:datafield>
  <marc:datafield tag="787" ind1="0" ind2=" ">
    <marc:subfield code="t">Českobudějovický týden</marc:subfield>
    <marc:subfield code="x">2570-9984</marc:subfield>
    <marc:subfield code="d">Praha : Vltava Labe Media a.s., 2018-</marc:subfield>
  </marc:datafield>
  <marc:datafield tag="856" ind1="4" ind2="1">
    <marc:subfield code="u">http://ceskobudejovicky.denik.cz</marc:subfield>
    <marc:subfield code="3">WWW stránky vydavatele</marc:subfield>
    <marc:subfield code="y">Elektronický zdroj</marc:subfield>
  </marc:datafield>
  <marc:datafield tag="856" ind1="4" ind2="1">
    <marc:subfield code="3">Digitalizovaný dokument</marc:subfield>
    <marc:subfield code="u">http://kramerius.cbvk.cz/search/handle/uuid:a7012b64-46c5-4a6b-b7df-c48ffb477394</marc:subfield>
    <marc:subfield code="y">Digitalizovaný dokument</marc:subfield>
  </marc:datafield>
  <marc:datafield tag="910" ind1=" " ind2=" ">
    <marc:subfield code="a">CBA001</marc:subfield>
    <marc:subfield code="r">2006-</marc:subfield>
    <marc:subfield code="o">2018</marc:subfield>
  </marc:datafield>
  <marc:datafield tag="911" ind1=" " ind2=" ">
    <marc:subfield code="a">CBA001</marc:subfield>
    <marc:subfield code="d">zdigitalizováno</marc:subfield>
    <marc:subfield code="r">2006-2016</marc:subfield>
    <marc:subfield code="u">http://kramerius.cbvk.cz/search/handle/uuid:a7012b64-46c5-4a6b-b7df-c48ffb477394</marc:subfield>
  </marc:datafield>
</marc:record>
    </metadata>
  </record>