
  <record>
    <header>
      <identifier>oai:katalog.cbvk.cz:CbvkUsCat/0059674</identifier>
      <datestamp>2019-02-04T15:31:55Z</datestamp>
      <setSpec>RDIG1</setSpec>
    </header>
    <metadata>
<marc:record
  xmlns:marc="http://www.loc.gov/MARC21/slim"
  xmlns:xsi="http://www.w3.org/2001/XMLSchema-instance"
  xsi:schemaLocation="http://www.loc.gov/MARC21/slim
  http://www.loc.gov/standards/marcxml/schema/MARC21slim.xsd">
  <marc:leader>01507nam a2200337 a 4500</marc:leader>
  <marc:controlfield tag="001">0059674</marc:controlfield>
  <marc:controlfield tag="003">CZ-CbJVK</marc:controlfield>
  <marc:controlfield tag="005">20190204153155.2</marc:controlfield>
  <marc:controlfield tag="007">ta</marc:controlfield>
  <marc:controlfield tag="008">080121s2007----xr-ab--e------000-0-cze--</marc:controlfield>
  <marc:datafield tag="015" ind1=" " ind2=" ">
    <marc:subfield code="a">cnb001726922</marc:subfield>
  </marc:datafield>
  <marc:datafield tag="020" ind1=" " ind2=" ">
    <marc:subfield code="a">978-80-86260-67-9 (soubor : brož.)</marc:subfield>
  </marc:datafield>
  <marc:datafield tag="020" ind1=" " ind2=" ">
    <marc:subfield code="a">978-80-86260-73-0 (1. svazek : brož.)</marc:subfield>
  </marc:datafield>
  <marc:datafield tag="020" ind1=" " ind2=" ">
    <marc:subfield code="a">978-80-86260-74-7 (2. svazek : brož.)</marc:subfield>
  </marc:datafield>
  <marc:datafield tag="035" ind1=" " ind2=" ">
    <marc:subfield code="a">(OCoLC)228668640</marc:subfield>
  </marc:datafield>
  <marc:datafield tag="040" ind1=" " ind2=" ">
    <marc:subfield code="a">ABA001</marc:subfield>
    <marc:subfield code="b">cze</marc:subfield>
  </marc:datafield>
  <marc:datafield tag="041" ind1="0" ind2=" ">
    <marc:subfield code="a">cze</marc:subfield>
    <marc:subfield code="a">eng</marc:subfield>
    <marc:subfield code="a">ger</marc:subfield>
    <marc:subfield code="a">pol</marc:subfield>
    <marc:subfield code="a">slo</marc:subfield>
    <marc:subfield code="b">ger</marc:subfield>
  </marc:datafield>
  <marc:datafield tag="111" ind1="2" ind2=" ">
    <marc:subfield code="a">Archeologie barbarů 2006</marc:subfield>
    <marc:subfield code="c">(České Budějovice, Česko)</marc:subfield>
    <marc:subfield code="7">kn20080125003</marc:subfield>
  </marc:datafield>
  <marc:datafield tag="245" ind1="1" ind2="0">
    <marc:subfield code="a">Archeologie barbarů 2006. :</marc:subfield>
    <marc:subfield code="b">příspěvky z II. protohistorické konference, České Budějovice, 21.-24.11.2006 /</marc:subfield>
    <marc:subfield code="c">Eduard Droberjar, Ondřej Chvojka (edd.)</marc:subfield>
  </marc:datafield>
  <marc:datafield tag="260" ind1=" " ind2=" ">
    <marc:subfield code="a">České Budějovice :</marc:subfield>
    <marc:subfield code="b">Jihočeské muzeum v Českých Budějovicích,</marc:subfield>
    <marc:subfield code="c">2007</marc:subfield>
  </marc:datafield>
  <marc:datafield tag="300" ind1=" " ind2=" ">
    <marc:subfield code="a">2 sv. (300, 303-619 s.) :</marc:subfield>
    <marc:subfield code="b">il., mapy ;</marc:subfield>
    <marc:subfield code="c">30 cm</marc:subfield>
  </marc:datafield>
  <marc:datafield tag="500" ind1=" " ind2=" ">
    <marc:subfield code="a">Z technických důvodů vydáno ve 2 sv.</marc:subfield>
  </marc:datafield>
  <marc:datafield tag="504" ind1=" " ind2=" ">
    <marc:subfield code="a">Obsahuje bibliografie a bibliografické odkazy</marc:subfield>
  </marc:datafield>
  <marc:datafield tag="546" ind1=" " ind2=" ">
    <marc:subfield code="a">Část. anglický, německý, polský a slovenský text, německá resumé</marc:subfield>
  </marc:datafield>
  <marc:datafield tag="580" ind1=" " ind2=" ">
    <marc:subfield code="a">Vyšlo jako Supplementum 3, sv. I a II seriálu Archeologické výzkumy v jižních Čechách</marc:subfield>
  </marc:datafield>
  <marc:datafield tag="700" ind1="1" ind2=" ">
    <marc:subfield code="a">Droberjar, Eduard,</marc:subfield>
    <marc:subfield code="d">1963-</marc:subfield>
    <marc:subfield code="7">jn20000400548</marc:subfield>
    <marc:subfield code="4">edt</marc:subfield>
  </marc:datafield>
  <marc:datafield tag="700" ind1="1" ind2=" ">
    <marc:subfield code="a">Chvojka, Ondřej,</marc:subfield>
    <marc:subfield code="d">1975-</marc:subfield>
    <marc:subfield code="7">mzk2004248621</marc:subfield>
    <marc:subfield code="4">edt</marc:subfield>
  </marc:datafield>
  <marc:datafield tag="772" ind1="0" ind2=" ">
    <marc:subfield code="t">Archeologické výzkumy v jižních Čechách</marc:subfield>
    <marc:subfield code="d">České Budějovice : Jihočeské muzeum v Českých Budějovicích ; [1983]-</marc:subfield>
    <marc:subfield code="g">Suppl.</marc:subfield>
  </marc:datafield>
  <marc:datafield tag="910" ind1=" " ind2=" ">
    <marc:subfield code="a">CBA001</marc:subfield>
  </marc:datafield>
  <marc:datafield tag="911" ind1=" " ind2=" ">
    <marc:subfield code="a">CBE301</marc:subfield>
    <marc:subfield code="d">digitalizuje se</marc:subfield>
  </marc:datafield>
</marc:record>
    </metadata>
  </record>