
  <record>
    <header>
      <identifier>oai:katalog.cbvk.cz:CbvkUsCat/0097802</identifier>
      <datestamp>2019-02-04T15:34:32Z</datestamp>
      <setSpec>RDIG1</setSpec>
    </header>
    <metadata>
<marc:record
  xmlns:marc="http://www.loc.gov/MARC21/slim"
  xmlns:xsi="http://www.w3.org/2001/XMLSchema-instance"
  xsi:schemaLocation="http://www.loc.gov/MARC21/slim
  http://www.loc.gov/standards/marcxml/schema/MARC21slim.xsd">
  <marc:leader>01272nam a2200301 a 4500</marc:leader>
  <marc:controlfield tag="001">0097802</marc:controlfield>
  <marc:controlfield tag="003">CZ-CbJVK</marc:controlfield>
  <marc:controlfield tag="005">20190204153432.0</marc:controlfield>
  <marc:controlfield tag="007">ta</marc:controlfield>
  <marc:controlfield tag="008">081006s2008----xr-a---e------000-0-cze--</marc:controlfield>
  <marc:datafield tag="015" ind1=" " ind2=" ">
    <marc:subfield code="a">cnb001819055</marc:subfield>
  </marc:datafield>
  <marc:datafield tag="020" ind1=" " ind2=" ">
    <marc:subfield code="a">978-80-86260-85-3 (JčM : brož.)</marc:subfield>
  </marc:datafield>
  <marc:datafield tag="020" ind1=" " ind2=" ">
    <marc:subfield code="a">978-80-86124-92-6 (ARÚP : brož.)</marc:subfield>
  </marc:datafield>
  <marc:datafield tag="035" ind1=" " ind2=" ">
    <marc:subfield code="a">(OCoLC)276817061</marc:subfield>
  </marc:datafield>
  <marc:datafield tag="040" ind1=" " ind2=" ">
    <marc:subfield code="a">ABA001</marc:subfield>
    <marc:subfield code="b">cze</marc:subfield>
  </marc:datafield>
  <marc:datafield tag="041" ind1="0" ind2=" ">
    <marc:subfield code="a">cze</marc:subfield>
    <marc:subfield code="b">ger</marc:subfield>
  </marc:datafield>
  <marc:datafield tag="043" ind1=" " ind2=" ">
    <marc:subfield code="a">e-xr---</marc:subfield>
    <marc:subfield code="b">e-xr-jc</marc:subfield>
    <marc:subfield code="2">czenas</marc:subfield>
  </marc:datafield>
  <marc:datafield tag="072" ind1=" " ind2="7">
    <marc:subfield code="a">73</marc:subfield>
    <marc:subfield code="x">Sochařství, keramika, porcelán, umělecké zpracování kovů</marc:subfield>
    <marc:subfield code="9">21</marc:subfield>
    <marc:subfield code="2">Konspekt</marc:subfield>
  </marc:datafield>
  <marc:datafield tag="080" ind1=" " ind2=" ">
    <marc:subfield code="a">683.943</marc:subfield>
    <marc:subfield code="2">MRF</marc:subfield>
  </marc:datafield>
  <marc:datafield tag="080" ind1=" " ind2=" ">
    <marc:subfield code="a">738.81</marc:subfield>
    <marc:subfield code="2">MRF</marc:subfield>
  </marc:datafield>
  <marc:datafield tag="080" ind1=" " ind2=" ">
    <marc:subfield code="a">728.82</marc:subfield>
    <marc:subfield code="2">MRF</marc:subfield>
  </marc:datafield>
  <marc:datafield tag="080" ind1=" " ind2=" ">
    <marc:subfield code="a">(437.319)</marc:subfield>
    <marc:subfield code="2">MRF</marc:subfield>
  </marc:datafield>
  <marc:datafield tag="080" ind1=" " ind2=" ">
    <marc:subfield code="a">(048.8)</marc:subfield>
    <marc:subfield code="2">MRF</marc:subfield>
  </marc:datafield>
  <marc:datafield tag="100" ind1="1" ind2=" ">
    <marc:subfield code="a">Ernée, Michal,</marc:subfield>
    <marc:subfield code="d">1963-</marc:subfield>
    <marc:subfield code="7">jn19990010057</marc:subfield>
    <marc:subfield code="4">aut</marc:subfield>
  </marc:datafield>
  <marc:datafield tag="245" ind1="1" ind2="0">
    <marc:subfield code="a">Gotické kamnové kachle z hradu a zámku v Českém Krumlově =</marc:subfield>
    <marc:subfield code="b">Gotische Ofenkacheln aus der Burg und Schloss in Český Krumlov /</marc:subfield>
    <marc:subfield code="c">Michal Ernée</marc:subfield>
  </marc:datafield>
  <marc:datafield tag="246" ind1="3" ind2="1">
    <marc:subfield code="a">Gotische Ofenkacheln aus der Burg und Schloss in Český Krumlov</marc:subfield>
  </marc:datafield>
  <marc:datafield tag="260" ind1=" " ind2=" ">
    <marc:subfield code="a">České Budějovice :</marc:subfield>
    <marc:subfield code="b">Jihočeské muzeum v Českých Budějovicích ;</marc:subfield>
    <marc:subfield code="a">Praha :</marc:subfield>
    <marc:subfield code="b">Archeologický ústav AV ČR,</marc:subfield>
    <marc:subfield code="c">2008</marc:subfield>
  </marc:datafield>
  <marc:datafield tag="300" ind1=" " ind2=" ">
    <marc:subfield code="a">126 s. :</marc:subfield>
    <marc:subfield code="b">il. ;</marc:subfield>
    <marc:subfield code="c">30 cm</marc:subfield>
  </marc:datafield>
  <marc:datafield tag="500" ind1=" " ind2=" ">
    <marc:subfield code="a">400 výt.</marc:subfield>
  </marc:datafield>
  <marc:datafield tag="504" ind1=" " ind2=" ">
    <marc:subfield code="a">Obsahuje bibliografii</marc:subfield>
  </marc:datafield>
  <marc:datafield tag="546" ind1=" " ind2=" ">
    <marc:subfield code="a">Německé resumé</marc:subfield>
  </marc:datafield>
  <marc:datafield tag="580" ind1=" " ind2=" ">
    <marc:subfield code="a">Monografické č. seriálu: Archeologické výzkumy v jižních Čechách. Supplementum ; 5 (2008)</marc:subfield>
  </marc:datafield>
  <marc:datafield tag="650" ind1="0" ind2="7">
    <marc:subfield code="a">zámky</marc:subfield>
    <marc:subfield code="z">Česko</marc:subfield>
    <marc:subfield code="7">ph127734</marc:subfield>
    <marc:subfield code="2">czenas</marc:subfield>
  </marc:datafield>
  <marc:datafield tag="650" ind1="0" ind2="7">
    <marc:subfield code="a">kachlová kamna</marc:subfield>
    <marc:subfield code="7">ph121388</marc:subfield>
    <marc:subfield code="2">czenas</marc:subfield>
  </marc:datafield>
  <marc:datafield tag="650" ind1="0" ind2="7">
    <marc:subfield code="a">kachle</marc:subfield>
    <marc:subfield code="7">ph121387</marc:subfield>
    <marc:subfield code="2">czenas</marc:subfield>
  </marc:datafield>
  <marc:datafield tag="651" ind1=" " ind2="7">
    <marc:subfield code="a">Český Krumlov (Česko)</marc:subfield>
    <marc:subfield code="7">ge131713</marc:subfield>
    <marc:subfield code="2">czenas</marc:subfield>
  </marc:datafield>
  <marc:datafield tag="655" ind1=" " ind2="7">
    <marc:subfield code="a">studie</marc:subfield>
    <marc:subfield code="7">fd133597</marc:subfield>
    <marc:subfield code="2">czenas</marc:subfield>
  </marc:datafield>
  <marc:datafield tag="772" ind1="0" ind2=" ">
    <marc:subfield code="t">Archeologické výzkumy v jižních Čechách</marc:subfield>
    <marc:subfield code="d">České Budějovice : Jihočeské muzeum v Českých Budějovicích ; [1983]-</marc:subfield>
    <marc:subfield code="g">Suppl.</marc:subfield>
  </marc:datafield>
  <marc:datafield tag="910" ind1=" " ind2=" ">
    <marc:subfield code="a">CBA001</marc:subfield>
  </marc:datafield>
  <marc:datafield tag="911" ind1=" " ind2=" ">
    <marc:subfield code="a">CBE301</marc:subfield>
    <marc:subfield code="d">digitalizuje se</marc:subfield>
  </marc:datafield>
</marc:record>
    </metadata>
  </record>