
  <record>
    <header>
      <identifier>oai:katalog.cbvk.cz:CbvkUsCat/0101029</identifier>
      <datestamp>2019-02-11T00:13:26Z</datestamp>
      <setSpec>RDIG1</setSpec>
    </header>
    <metadata>
<marc:record
  xmlns:marc="http://www.loc.gov/MARC21/slim"
  xmlns:xsi="http://www.w3.org/2001/XMLSchema-instance"
  xsi:schemaLocation="http://www.loc.gov/MARC21/slim
  http://www.loc.gov/standards/marcxml/schema/MARC21slim.xsd">
  <marc:leader>00000nam a22     3a 4500</marc:leader>
  <marc:controlfield tag="001">0101029</marc:controlfield>
  <marc:controlfield tag="003">CZ-CbJVK</marc:controlfield>
  <marc:controlfield tag="005">20190211001326.6</marc:controlfield>
  <marc:controlfield tag="007">ta</marc:controlfield>
  <marc:controlfield tag="008">081031s2008----xr------------------cze--</marc:controlfield>
  <marc:datafield tag="015" ind1=" " ind2=" ">
    <marc:subfield code="a">cnb001821419</marc:subfield>
  </marc:datafield>
  <marc:datafield tag="020" ind1=" " ind2=" ">
    <marc:subfield code="a">978-80-903957-2-5 (brož.)</marc:subfield>
    <marc:subfield code="z">978-80-903957</marc:subfield>
  </marc:datafield>
  <marc:datafield tag="035" ind1=" " ind2=" ">
    <marc:subfield code="a">(OCoLC)316298741</marc:subfield>
  </marc:datafield>
  <marc:datafield tag="040" ind1=" " ind2=" ">
    <marc:subfield code="a">CBA001</marc:subfield>
    <marc:subfield code="b">cze</marc:subfield>
  </marc:datafield>
  <marc:datafield tag="043" ind1=" " ind2=" ">
    <marc:subfield code="a">e-gx---</marc:subfield>
  </marc:datafield>
  <marc:datafield tag="072" ind1=" " ind2="7">
    <marc:subfield code="a">75</marc:subfield>
    <marc:subfield code="x">Malířství</marc:subfield>
    <marc:subfield code="9">21</marc:subfield>
    <marc:subfield code="2">Konspekt</marc:subfield>
  </marc:datafield>
  <marc:datafield tag="080" ind1=" " ind2=" ">
    <marc:subfield code="a">32-051</marc:subfield>
    <marc:subfield code="2">MRF</marc:subfield>
  </marc:datafield>
  <marc:datafield tag="080" ind1=" " ind2=" ">
    <marc:subfield code="a">(430)</marc:subfield>
    <marc:subfield code="2">MRF</marc:subfield>
  </marc:datafield>
  <marc:datafield tag="080" ind1=" " ind2=" ">
    <marc:subfield code="a">75.021.32</marc:subfield>
    <marc:subfield code="2">MRF</marc:subfield>
  </marc:datafield>
  <marc:datafield tag="080" ind1=" " ind2=" ">
    <marc:subfield code="a">75(430)</marc:subfield>
    <marc:subfield code="2">MRF</marc:subfield>
  </marc:datafield>
  <marc:datafield tag="080" ind1=" " ind2=" ">
    <marc:subfield code="a">(084.11)</marc:subfield>
    <marc:subfield code="2">MRF</marc:subfield>
  </marc:datafield>
  <marc:datafield tag="100" ind1="1" ind2=" ">
    <marc:subfield code="a">Hitler, Adolf,</marc:subfield>
    <marc:subfield code="d">1889-1945</marc:subfield>
    <marc:subfield code="7">jn19990003541</marc:subfield>
    <marc:subfield code="4">art</marc:subfield>
  </marc:datafield>
  <marc:datafield tag="245" ind1="1" ind2="0">
    <marc:subfield code="a">Adolf Hitler - akvarely /</marc:subfield>
    <marc:subfield code="c">[úvodní text Radomír Fuksa]</marc:subfield>
  </marc:datafield>
  <marc:datafield tag="250" ind1=" " ind2=" ">
    <marc:subfield code="a">1. české vyd.</marc:subfield>
  </marc:datafield>
  <marc:datafield tag="260" ind1=" " ind2=" ">
    <marc:subfield code="a">Žďár nad Sázavou :</marc:subfield>
    <marc:subfield code="b">Sowulo Press,</marc:subfield>
    <marc:subfield code="c">c2008</marc:subfield>
  </marc:datafield>
  <marc:datafield tag="300" ind1=" " ind2=" ">
    <marc:subfield code="a">79 s. :</marc:subfield>
    <marc:subfield code="b">převážně il.</marc:subfield>
  </marc:datafield>
  <marc:datafield tag="504" ind1=" " ind2=" ">
    <marc:subfield code="a">Obsahuje bibliografii</marc:subfield>
  </marc:datafield>
  <marc:datafield tag="600" ind1="1" ind2="7">
    <marc:subfield code="a">Hitler, Adolf,</marc:subfield>
    <marc:subfield code="d">1889-1945</marc:subfield>
    <marc:subfield code="7">jn19990003541</marc:subfield>
    <marc:subfield code="2">czenas</marc:subfield>
  </marc:datafield>
  <marc:datafield tag="650" ind1="0" ind2="7">
    <marc:subfield code="a">německé malířství</marc:subfield>
    <marc:subfield code="y">20. století, 1. polovina</marc:subfield>
    <marc:subfield code="7">ph123512</marc:subfield>
    <marc:subfield code="2">czenas</marc:subfield>
  </marc:datafield>
  <marc:datafield tag="650" ind1="0" ind2="4">
    <marc:subfield code="a">politici</marc:subfield>
    <marc:subfield code="z">Německo</marc:subfield>
    <marc:subfield code="y">20. století, 1. polovina</marc:subfield>
    <marc:subfield code="7">ph115781</marc:subfield>
    <marc:subfield code="2">czenas</marc:subfield>
  </marc:datafield>
  <marc:datafield tag="650" ind1="0" ind2="7">
    <marc:subfield code="a">akvarely</marc:subfield>
    <marc:subfield code="z">Německo</marc:subfield>
    <marc:subfield code="y">20. století, 1. polovina</marc:subfield>
    <marc:subfield code="7">ph118334</marc:subfield>
    <marc:subfield code="2">czenas</marc:subfield>
  </marc:datafield>
  <marc:datafield tag="655" ind1=" " ind2="7">
    <marc:subfield code="a">obrazové publikace</marc:subfield>
    <marc:subfield code="7">fd132947</marc:subfield>
    <marc:subfield code="2">czenas</marc:subfield>
  </marc:datafield>
  <marc:datafield tag="700" ind1="1" ind2=" ">
    <marc:subfield code="a">Fiksa, Radomír,</marc:subfield>
    <marc:subfield code="d">1980-</marc:subfield>
    <marc:subfield code="7">mzk2005286488</marc:subfield>
    <marc:subfield code="4">aui</marc:subfield>
  </marc:datafield>
  <marc:datafield tag="856" ind1="4" ind2="1">
    <marc:subfield code="3">Digitalizovaný dokument</marc:subfield>
    <marc:subfield code="u">http://kramerius.cbvk.cz:8080/search/handle/uuid:fbd780d6-71e9-4e8b-8b65-34723a843017</marc:subfield>
    <marc:subfield code="y">Digitalizovaný dokument</marc:subfield>
  </marc:datafield>
  <marc:datafield tag="910" ind1=" " ind2=" ">
    <marc:subfield code="a">CBA001</marc:subfield>
  </marc:datafield>
  <marc:datafield tag="911" ind1=" " ind2=" ">
    <marc:subfield code="a">CBA001</marc:subfield>
    <marc:subfield code="d">zdigitalizováno</marc:subfield>
    <marc:subfield code="u">http://kramerius.cbvk.cz:8080/search/handle/uuid:fbd780d6-71e9-4e8b-8b65-34723a843017</marc:subfield>
  </marc:datafield>
</marc:record>
    </metadata>
  </record>