
  <record>
    <header>
      <identifier>oai:katalog.cbvk.cz:CbvkUsCat/0108494</identifier>
      <datestamp>2018-10-02T10:58:07Z</datestamp>
      <setSpec>RDIG1</setSpec>
    </header>
    <metadata>
<marc:record
  xmlns:marc="http://www.loc.gov/MARC21/slim"
  xmlns:xsi="http://www.w3.org/2001/XMLSchema-instance"
  xsi:schemaLocation="http://www.loc.gov/MARC21/slim
  http://www.loc.gov/standards/marcxml/schema/MARC21slim.xsd">
  <marc:leader>00000nem a22     3a 4500</marc:leader>
  <marc:controlfield tag="001">0108494</marc:controlfield>
  <marc:controlfield tag="003">CZ-CbJVK</marc:controlfield>
  <marc:controlfield tag="005">20181002105807.1</marc:controlfield>
  <marc:controlfield tag="007">aj-|a</marc:controlfield>
  <marc:controlfield tag="008">081215s1827----xr--------a---------ger--</marc:controlfield>
  <marc:datafield tag="034" ind1="1" ind2=" ">
    <marc:subfield code="a">a</marc:subfield>
    <marc:subfield code="b">420000</marc:subfield>
  </marc:datafield>
  <marc:datafield tag="040" ind1=" " ind2=" ">
    <marc:subfield code="a">CBA001</marc:subfield>
    <marc:subfield code="b">cze</marc:subfield>
  </marc:datafield>
  <marc:datafield tag="043" ind1=" " ind2=" ">
    <marc:subfield code="a">e-xr---</marc:subfield>
  </marc:datafield>
  <marc:datafield tag="072" ind1=" " ind2="7">
    <marc:subfield code="a">913:94</marc:subfield>
    <marc:subfield code="x">Historická geografie</marc:subfield>
    <marc:subfield code="9">7</marc:subfield>
    <marc:subfield code="2">Konspekt</marc:subfield>
  </marc:datafield>
  <marc:datafield tag="080" ind1=" " ind2=" ">
    <marc:subfield code="a">913:94</marc:subfield>
    <marc:subfield code="2">MRF</marc:subfield>
  </marc:datafield>
  <marc:datafield tag="080" ind1=" " ind2=" ">
    <marc:subfield code="a">913(437.3)</marc:subfield>
    <marc:subfield code="2">MRF</marc:subfield>
  </marc:datafield>
  <marc:datafield tag="080" ind1=" " ind2=" ">
    <marc:subfield code="a">(084.3)</marc:subfield>
    <marc:subfield code="2">MRF</marc:subfield>
  </marc:datafield>
  <marc:datafield tag="080" ind1=" " ind2=" ">
    <marc:subfield code="a">912.43:904</marc:subfield>
    <marc:subfield code="2">MRF</marc:subfield>
  </marc:datafield>
  <marc:datafield tag="100" ind1="1" ind2=" ">
    <marc:subfield code="a">David, Alois Martin,</marc:subfield>
    <marc:subfield code="d">1757-1836</marc:subfield>
    <marc:subfield code="7">jk01022095</marc:subfield>
    <marc:subfield code="4">ctg</marc:subfield>
  </marc:datafield>
  <marc:datafield tag="245" ind1="1" ind2="0">
    <marc:subfield code="a">Charte vom Königreiche Böheim</marc:subfield>
    <marc:subfield code="h">[kartografický dokument] /</marc:subfield>
    <marc:subfield code="b">nach den Ortsbestimmungen des Alois David und nach zuverlässigen geographischen Hülfsmitteln neu bearbeitet und gezeichnet von Fr.Jac.H. Kreibich</marc:subfield>
  </marc:datafield>
  <marc:datafield tag="255" ind1=" " ind2=" ">
    <marc:subfield code="a">Měřítko [ca 1:420 000]</marc:subfield>
  </marc:datafield>
  <marc:datafield tag="260" ind1=" " ind2=" ">
    <marc:subfield code="a">Prag :</marc:subfield>
    <marc:subfield code="b">[s.n.],</marc:subfield>
    <marc:subfield code="c">1827</marc:subfield>
  </marc:datafield>
  <marc:datafield tag="300" ind1=" " ind2=" ">
    <marc:subfield code="a">1 mapa na 4 listech ;</marc:subfield>
    <marc:subfield code="c">54 x 68 cm, složeno na 18 x 14 cm</marc:subfield>
  </marc:datafield>
  <marc:datafield tag="650" ind1="0" ind2="7">
    <marc:subfield code="a">historická geografie</marc:subfield>
    <marc:subfield code="7">ph120715</marc:subfield>
    <marc:subfield code="2">czenas</marc:subfield>
  </marc:datafield>
  <marc:datafield tag="651" ind1=" " ind2="7">
    <marc:subfield code="a">Česko</marc:subfield>
    <marc:subfield code="7">ge128065</marc:subfield>
    <marc:subfield code="2">czenas</marc:subfield>
  </marc:datafield>
  <marc:datafield tag="655" ind1=" " ind2="7">
    <marc:subfield code="a">historické mapy</marc:subfield>
    <marc:subfield code="7">fd186723</marc:subfield>
    <marc:subfield code="2">czenas</marc:subfield>
  </marc:datafield>
  <marc:datafield tag="700" ind1="1" ind2=" ">
    <marc:subfield code="a">Kreibich, František Jakub Jindřich,</marc:subfield>
    <marc:subfield code="d">1759-1833</marc:subfield>
    <marc:subfield code="7">jk01063153</marc:subfield>
    <marc:subfield code="4">ctg</marc:subfield>
  </marc:datafield>
  <marc:datafield tag="856" ind1="4" ind2="1">
    <marc:subfield code="3">Digitalizovaný dokument</marc:subfield>
    <marc:subfield code="u">http://kramerius.cbvk.cz:8080/search/handle/uuid:3bf5d050-00c9-11e5-b939-0800200c9a66</marc:subfield>
    <marc:subfield code="y">Digitalizovaný dokument</marc:subfield>
  </marc:datafield>
  <marc:datafield tag="910" ind1=" " ind2=" ">
    <marc:subfield code="a">CBA001</marc:subfield>
  </marc:datafield>
  <marc:datafield tag="911" ind1=" " ind2=" ">
    <marc:subfield code="a">CBA001</marc:subfield>
    <marc:subfield code="d">zdigitalizováno</marc:subfield>
    <marc:subfield code="u">http://kramerius.cbvk.cz:8080/search/handle/uuid:3bf5d050-00c9-11e5-b939-0800200c9a66</marc:subfield>
  </marc:datafield>
</marc:record>
    </metadata>
  </record>