
  <record>
    <header>
      <identifier>oai:katalog.cbvk.cz:CbvkUsCat/0115302</identifier>
      <datestamp>2018-08-06T14:20:29Z</datestamp>
      <setSpec>RDIG1</setSpec>
    </header>
    <metadata>
<marc:record
  xmlns:marc="http://www.loc.gov/MARC21/slim"
  xmlns:xsi="http://www.w3.org/2001/XMLSchema-instance"
  xsi:schemaLocation="http://www.loc.gov/MARC21/slim
  http://www.loc.gov/standards/marcxml/schema/MARC21slim.xsd">
  <marc:leader>00824cam a2200253 a 4500</marc:leader>
  <marc:controlfield tag="001">0115302</marc:controlfield>
  <marc:controlfield tag="003">CZ-CbJVK</marc:controlfield>
  <marc:controlfield tag="005">20180806142029.8</marc:controlfield>
  <marc:controlfield tag="007">ta</marc:controlfield>
  <marc:controlfield tag="008">071112s2007----xr-----e------000-0-cze--</marc:controlfield>
  <marc:datafield tag="015" ind1=" " ind2=" ">
    <marc:subfield code="a">cnb001763222</marc:subfield>
  </marc:datafield>
  <marc:datafield tag="020" ind1=" " ind2=" ">
    <marc:subfield code="a">978-80-7394-020-1 (váz.)</marc:subfield>
  </marc:datafield>
  <marc:datafield tag="035" ind1=" " ind2=" ">
    <marc:subfield code="a">(OCoLC)403618582</marc:subfield>
  </marc:datafield>
  <marc:datafield tag="040" ind1=" " ind2=" ">
    <marc:subfield code="a">ABA001</marc:subfield>
    <marc:subfield code="b">cze</marc:subfield>
    <marc:subfield code="d">CBA001</marc:subfield>
  </marc:datafield>
  <marc:datafield tag="072" ind1=" " ind2="7">
    <marc:subfield code="a">316.3</marc:subfield>
    <marc:subfield code="x">Globální společnosti. Sociální struktura. Sociální skupiny</marc:subfield>
    <marc:subfield code="9">18</marc:subfield>
    <marc:subfield code="2">Konspekt</marc:subfield>
  </marc:datafield>
  <marc:datafield tag="080" ind1=" " ind2=" ">
    <marc:subfield code="a">(062.552)</marc:subfield>
    <marc:subfield code="2">MRF</marc:subfield>
  </marc:datafield>
  <marc:datafield tag="080" ind1=" " ind2=" ">
    <marc:subfield code="a">930.85</marc:subfield>
    <marc:subfield code="2">MRF</marc:subfield>
  </marc:datafield>
  <marc:datafield tag="080" ind1=" " ind2=" ">
    <marc:subfield code="a">316.728</marc:subfield>
    <marc:subfield code="2">MRF</marc:subfield>
  </marc:datafield>
  <marc:datafield tag="080" ind1=" " ind2=" ">
    <marc:subfield code="a">394</marc:subfield>
    <marc:subfield code="2">MRF</marc:subfield>
  </marc:datafield>
  <marc:datafield tag="080" ind1=" " ind2=" ">
    <marc:subfield code="a">316.35</marc:subfield>
    <marc:subfield code="2">MRF</marc:subfield>
  </marc:datafield>
  <marc:datafield tag="080" ind1=" " ind2=" ">
    <marc:subfield code="a">316.3/.6</marc:subfield>
    <marc:subfield code="2">MRF</marc:subfield>
  </marc:datafield>
  <marc:datafield tag="080" ind1=" " ind2=" ">
    <marc:subfield code="a">316.72/.75</marc:subfield>
    <marc:subfield code="2">MRF</marc:subfield>
  </marc:datafield>
  <marc:datafield tag="245" ind1="0" ind2="0">
    <marc:subfield code="a">Člověk a sociální skupina ve společnosti raného novověku /</marc:subfield>
    <marc:subfield code="c">Václav Bůžek, Jaroslav Dibelka (edd.)</marc:subfield>
  </marc:datafield>
  <marc:datafield tag="250" ind1=" " ind2=" ">
    <marc:subfield code="a">Vyd. 1.</marc:subfield>
  </marc:datafield>
  <marc:datafield tag="260" ind1=" " ind2=" ">
    <marc:subfield code="a">České Budějovice :</marc:subfield>
    <marc:subfield code="b">Jihočeská univerzita,</marc:subfield>
    <marc:subfield code="c">2007</marc:subfield>
  </marc:datafield>
  <marc:datafield tag="300" ind1=" " ind2=" ">
    <marc:subfield code="a">349 s. ;</marc:subfield>
    <marc:subfield code="c">22 cm</marc:subfield>
  </marc:datafield>
  <marc:datafield tag="490" ind1="1" ind2=" ">
    <marc:subfield code="a">Opera historica ;</marc:subfield>
    <marc:subfield code="v">12</marc:subfield>
  </marc:datafield>
  <marc:datafield tag="504" ind1=" " ind2=" ">
    <marc:subfield code="a">Obsahuje bibliografické odkazy</marc:subfield>
  </marc:datafield>
  <marc:datafield tag="650" ind1="0" ind2="7">
    <marc:subfield code="a">kultura a společnost</marc:subfield>
    <marc:subfield code="y">16.-18. století</marc:subfield>
    <marc:subfield code="7">ph122010</marc:subfield>
    <marc:subfield code="2">czenas</marc:subfield>
  </marc:datafield>
  <marc:datafield tag="650" ind1="0" ind2="7">
    <marc:subfield code="a">člověk a společnost</marc:subfield>
    <marc:subfield code="7">ph116878</marc:subfield>
    <marc:subfield code="2">czenas</marc:subfield>
  </marc:datafield>
  <marc:datafield tag="650" ind1="0" ind2="7">
    <marc:subfield code="a">sociální skupiny</marc:subfield>
    <marc:subfield code="y">16.-18. století</marc:subfield>
    <marc:subfield code="7">ph125811</marc:subfield>
    <marc:subfield code="2">czenas</marc:subfield>
  </marc:datafield>
  <marc:datafield tag="650" ind1="0" ind2="7">
    <marc:subfield code="a">každodenní život</marc:subfield>
    <marc:subfield code="y">16.-18. století</marc:subfield>
    <marc:subfield code="7">ph121555</marc:subfield>
    <marc:subfield code="2">czenas</marc:subfield>
  </marc:datafield>
  <marc:datafield tag="650" ind1="0" ind2="7">
    <marc:subfield code="a">dějiny civilizace</marc:subfield>
    <marc:subfield code="y">16.-18. století</marc:subfield>
    <marc:subfield code="7">ph137927</marc:subfield>
    <marc:subfield code="2">czenas</marc:subfield>
  </marc:datafield>
  <marc:datafield tag="655" ind1=" " ind2="7">
    <marc:subfield code="a">sborníky</marc:subfield>
    <marc:subfield code="7">fd163935</marc:subfield>
    <marc:subfield code="2">czenas</marc:subfield>
  </marc:datafield>
  <marc:datafield tag="700" ind1="1" ind2=" ">
    <marc:subfield code="a">Bůžek, Václav,</marc:subfield>
    <marc:subfield code="d">1959-</marc:subfield>
    <marc:subfield code="7">jn19981000429</marc:subfield>
    <marc:subfield code="4">edt</marc:subfield>
  </marc:datafield>
  <marc:datafield tag="700" ind1="1" ind2=" ">
    <marc:subfield code="a">Dibelka, Jaroslav,</marc:subfield>
    <marc:subfield code="d">1981-</marc:subfield>
    <marc:subfield code="7">xx0076884</marc:subfield>
    <marc:subfield code="4">edt</marc:subfield>
  </marc:datafield>
  <marc:datafield tag="830" ind1=" " ind2="0">
    <marc:subfield code="a">Opera historica ;</marc:subfield>
    <marc:subfield code="v">12</marc:subfield>
  </marc:datafield>
  <marc:datafield tag="856" ind1="4" ind2="1">
    <marc:subfield code="3">Digitalizovaný dokument</marc:subfield>
    <marc:subfield code="u">http://kramerius.cbvk.cz/search/handle/uuid:d5c11e76-0f02-433e-bb3e-26abe4bc5114</marc:subfield>
    <marc:subfield code="y">Digitalizovaný dokument</marc:subfield>
  </marc:datafield>
  <marc:datafield tag="910" ind1=" " ind2=" ">
    <marc:subfield code="a">CBA001</marc:subfield>
  </marc:datafield>
  <marc:datafield tag="911" ind1=" " ind2=" ">
    <marc:subfield code="a">CBA001</marc:subfield>
    <marc:subfield code="d">zdigitalizováno</marc:subfield>
    <marc:subfield code="u">http://kramerius.cbvk.cz/search/handle/uuid:d5c11e76-0f02-433e-bb3e-26abe4bc5114</marc:subfield>
  </marc:datafield>
</marc:record>
    </metadata>
  </record>