
  <record>
    <header>
      <identifier>oai:katalog.cbvk.cz:CbvkUsCat/0126277</identifier>
      <datestamp>2018-08-06T14:20:33Z</datestamp>
      <setSpec>RDIG1</setSpec>
    </header>
    <metadata>
<marc:record
  xmlns:marc="http://www.loc.gov/MARC21/slim"
  xmlns:xsi="http://www.w3.org/2001/XMLSchema-instance"
  xsi:schemaLocation="http://www.loc.gov/MARC21/slim
  http://www.loc.gov/standards/marcxml/schema/MARC21slim.xsd">
  <marc:leader>01865nam a2200481 a 4500</marc:leader>
  <marc:controlfield tag="001">0126277</marc:controlfield>
  <marc:controlfield tag="003">CZ-CbJVK</marc:controlfield>
  <marc:controlfield tag="005">20180806142033.2</marc:controlfield>
  <marc:controlfield tag="007">ta</marc:controlfield>
  <marc:controlfield tag="008">050704s2004----xr-----f-b----001-0-cze--</marc:controlfield>
  <marc:datafield tag="020" ind1=" " ind2=" ">
    <marc:subfield code="a">80-86260-39-9 (brož.)</marc:subfield>
  </marc:datafield>
  <marc:datafield tag="035" ind1=" " ind2=" ">
    <marc:subfield code="a">(OCoLC)85128001</marc:subfield>
  </marc:datafield>
  <marc:datafield tag="040" ind1=" " ind2=" ">
    <marc:subfield code="a">ABA001</marc:subfield>
    <marc:subfield code="b">cze</marc:subfield>
  </marc:datafield>
  <marc:datafield tag="043" ind1=" " ind2=" ">
    <marc:subfield code="a">e-xr---</marc:subfield>
    <marc:subfield code="b">e-xr-cc</marc:subfield>
    <marc:subfield code="2">czenas</marc:subfield>
  </marc:datafield>
  <marc:datafield tag="045" ind1=" " ind2=" ">
    <marc:subfield code="a">x6y0</marc:subfield>
  </marc:datafield>
  <marc:datafield tag="072" ind1=" " ind2="7">
    <marc:subfield code="a">070</marc:subfield>
    <marc:subfield code="x">Noviny. Tisk. Žurnalistika</marc:subfield>
    <marc:subfield code="2">Konspekt</marc:subfield>
    <marc:subfield code="9">12</marc:subfield>
  </marc:datafield>
  <marc:datafield tag="072" ind1=" " ind2="7">
    <marc:subfield code="a">01</marc:subfield>
    <marc:subfield code="x">Bibliografie. Katalogy</marc:subfield>
    <marc:subfield code="2">Konspekt</marc:subfield>
    <marc:subfield code="9">12</marc:subfield>
  </marc:datafield>
  <marc:datafield tag="080" ind1=" " ind2=" ">
    <marc:subfield code="a">(437.31-13)</marc:subfield>
    <marc:subfield code="2">MRF</marc:subfield>
  </marc:datafield>
  <marc:datafield tag="080" ind1=" " ind2=" ">
    <marc:subfield code="a">070.432</marc:subfield>
    <marc:subfield code="2">MRF</marc:subfield>
  </marc:datafield>
  <marc:datafield tag="080" ind1=" " ind2=" ">
    <marc:subfield code="a">94(437.31-13)</marc:subfield>
    <marc:subfield code="2">MRF</marc:subfield>
  </marc:datafield>
  <marc:datafield tag="080" ind1=" " ind2=" ">
    <marc:subfield code="a">908(437.31-13)</marc:subfield>
    <marc:subfield code="2">MRF</marc:subfield>
  </marc:datafield>
  <marc:datafield tag="080" ind1=" " ind2=" ">
    <marc:subfield code="a">015</marc:subfield>
    <marc:subfield code="2">MRF</marc:subfield>
  </marc:datafield>
  <marc:datafield tag="245" ind1="0" ind2="0">
    <marc:subfield code="a">Bibliografický přehled ročníků I-XXXVII (1964-2000) /</marc:subfield>
    <marc:subfield code="c">[sestavil] Karel Pletzer</marc:subfield>
  </marc:datafield>
  <marc:datafield tag="246" ind1="1" ind2=" ">
    <marc:subfield code="i">Název na rubu tit. s.:</marc:subfield>
    <marc:subfield code="a">Výběr (časopis pro historii a vlastivědu jižních Čech) - Bibliografický přehled ročníků I-XXXVII (1964-2000)</marc:subfield>
  </marc:datafield>
  <marc:datafield tag="260" ind1=" " ind2=" ">
    <marc:subfield code="a">V Českých Budějovicích :</marc:subfield>
    <marc:subfield code="b">Jihočeské muzeum,</marc:subfield>
    <marc:subfield code="c">2004</marc:subfield>
  </marc:datafield>
  <marc:datafield tag="300" ind1=" " ind2=" ">
    <marc:subfield code="a">264 s. ;</marc:subfield>
    <marc:subfield code="c">22 cm</marc:subfield>
  </marc:datafield>
  <marc:datafield tag="500" ind1=" " ind2=" ">
    <marc:subfield code="a">400 výt.</marc:subfield>
  </marc:datafield>
  <marc:datafield tag="504" ind1=" " ind2=" ">
    <marc:subfield code="a">Obsahuje bibliografii, bibliografické odkazy a rejstřík</marc:subfield>
  </marc:datafield>
  <marc:datafield tag="521" ind1="8" ind2=" ">
    <marc:subfield code="a">Pro potřebu muzeí jižních Čech a zájemců o regionální historii</marc:subfield>
  </marc:datafield>
  <marc:datafield tag="580" ind1=" " ind2=" ">
    <marc:subfield code="a">Monografické číslo seriálu: Výběr : časopis pro historii a vlastivědu jižních Čech</marc:subfield>
  </marc:datafield>
  <marc:datafield tag="630" ind1="0" ind2="4">
    <marc:subfield code="a">Výběr (časopis)</marc:subfield>
    <marc:subfield code="7">unn2006375352</marc:subfield>
    <marc:subfield code="2">czenas</marc:subfield>
  </marc:datafield>
  <marc:datafield tag="648" ind1=" " ind2="4">
    <marc:subfield code="a">1964-2000</marc:subfield>
  </marc:datafield>
  <marc:datafield tag="650" ind1="0" ind2="7">
    <marc:subfield code="a">časopisecké články</marc:subfield>
    <marc:subfield code="z">Česko</marc:subfield>
    <marc:subfield code="y">1964-2000</marc:subfield>
    <marc:subfield code="7">ph128084</marc:subfield>
    <marc:subfield code="2">czenas</marc:subfield>
  </marc:datafield>
  <marc:datafield tag="651" ind1=" " ind2="7">
    <marc:subfield code="a">Čechy jižní (Česko)</marc:subfield>
    <marc:subfield code="x">dějiny</marc:subfield>
    <marc:subfield code="7">ge131648</marc:subfield>
    <marc:subfield code="2">czenas</marc:subfield>
  </marc:datafield>
  <marc:datafield tag="651" ind1=" " ind2="7">
    <marc:subfield code="a">Čechy jižní (Česko)</marc:subfield>
    <marc:subfield code="x">vlastivěda</marc:subfield>
    <marc:subfield code="7">ge131648</marc:subfield>
    <marc:subfield code="2">czenas</marc:subfield>
  </marc:datafield>
  <marc:datafield tag="655" ind1=" " ind2="7">
    <marc:subfield code="a">regionální bibliografie</marc:subfield>
    <marc:subfield code="7">fd133239</marc:subfield>
    <marc:subfield code="2">czenas</marc:subfield>
  </marc:datafield>
  <marc:datafield tag="700" ind1="1" ind2=" ">
    <marc:subfield code="a">Pletzer, Karel,</marc:subfield>
    <marc:subfield code="d">1922-2002</marc:subfield>
    <marc:subfield code="7">jk01093435</marc:subfield>
    <marc:subfield code="4">com</marc:subfield>
  </marc:datafield>
  <marc:datafield tag="772" ind1="0" ind2=" ">
    <marc:subfield code="t">Výběr</marc:subfield>
    <marc:subfield code="x">1212-0596</marc:subfield>
    <marc:subfield code="d">V Českých Budějovicích : Jihočeské muzeum, 1994-</marc:subfield>
  </marc:datafield>
  <marc:datafield tag="787" ind1="0" ind2=" ">
    <marc:subfield code="a">Úlovec, Jiří</marc:subfield>
    <marc:subfield code="t">Rejstřík místních jmen k Bibliografickému přehledu ročníků I-XXXVII (1964-2000</marc:subfield>
    <marc:subfield code="d">České Budějovice : Jihočeské muzeum, 2008</marc:subfield>
    <marc:subfield code="h">46 s.</marc:subfield>
  </marc:datafield>
  <marc:datafield tag="856" ind1="4" ind2="1">
    <marc:subfield code="3">Digitalizovaný dokument</marc:subfield>
    <marc:subfield code="u">http://kramerius.cbvk.cz/search/handle/uuid:cde49752-0677-4ac0-960f-7529fe432dbd</marc:subfield>
    <marc:subfield code="y">Digitalizovaný dokument</marc:subfield>
  </marc:datafield>
  <marc:datafield tag="910" ind1=" " ind2=" ">
    <marc:subfield code="a">CBA001</marc:subfield>
  </marc:datafield>
  <marc:datafield tag="911" ind1=" " ind2=" ">
    <marc:subfield code="a">CBA001</marc:subfield>
    <marc:subfield code="d">zdigitalizováno</marc:subfield>
    <marc:subfield code="u">http://kramerius.cbvk.cz/search/handle/uuid:cde49752-0677-4ac0-960f-7529fe432dbd</marc:subfield>
  </marc:datafield>
</marc:record>
    </metadata>
  </record>