
  <record>
    <header>
      <identifier>oai:katalog.cbvk.cz:CbvkUsCat/0131319</identifier>
      <datestamp>2018-08-13T10:15:45Z</datestamp>
      <setSpec>RDIG1</setSpec>
    </header>
    <metadata>
<marc:record
  xmlns:marc="http://www.loc.gov/MARC21/slim"
  xmlns:xsi="http://www.w3.org/2001/XMLSchema-instance"
  xsi:schemaLocation="http://www.loc.gov/MARC21/slim
  http://www.loc.gov/standards/marcxml/schema/MARC21slim.xsd">
  <marc:leader>00000nem a22     3a 4500</marc:leader>
  <marc:controlfield tag="001">0131319</marc:controlfield>
  <marc:controlfield tag="003">CZ-CbJVK</marc:controlfield>
  <marc:controlfield tag="005">20180813101545.9</marc:controlfield>
  <marc:controlfield tag="007">aj-ca</marc:controlfield>
  <marc:controlfield tag="008">090422s195u----xr--------a---------cze--</marc:controlfield>
  <marc:datafield tag="034" ind1="1" ind2=" ">
    <marc:subfield code="a">a</marc:subfield>
    <marc:subfield code="b">75000</marc:subfield>
  </marc:datafield>
  <marc:datafield tag="040" ind1=" " ind2=" ">
    <marc:subfield code="a">CBA001</marc:subfield>
    <marc:subfield code="b">cze</marc:subfield>
  </marc:datafield>
  <marc:datafield tag="043" ind1=" " ind2=" ">
    <marc:subfield code="a">e-xr---</marc:subfield>
    <marc:subfield code="b">e-xr-cc</marc:subfield>
    <marc:subfield code="2">czenas</marc:subfield>
  </marc:datafield>
  <marc:datafield tag="072" ind1=" " ind2="7">
    <marc:subfield code="a">913(4)</marc:subfield>
    <marc:subfield code="x">Geografie Evropy, reálie, cestování</marc:subfield>
    <marc:subfield code="9">7</marc:subfield>
    <marc:subfield code="2">Konspekt</marc:subfield>
  </marc:datafield>
  <marc:datafield tag="080" ind1=" " ind2=" ">
    <marc:subfield code="a">913(437.31-13)</marc:subfield>
    <marc:subfield code="2">MRF</marc:subfield>
  </marc:datafield>
  <marc:datafield tag="080" ind1=" " ind2=" ">
    <marc:subfield code="a">913(437.31)</marc:subfield>
    <marc:subfield code="2">MRF</marc:subfield>
  </marc:datafield>
  <marc:datafield tag="080" ind1=" " ind2=" ">
    <marc:subfield code="a">(084.3)</marc:subfield>
    <marc:subfield code="2">MRF</marc:subfield>
  </marc:datafield>
  <marc:datafield tag="080" ind1=" " ind2=" ">
    <marc:subfield code="a">912.43:556</marc:subfield>
    <marc:subfield code="2">MRF</marc:subfield>
  </marc:datafield>
  <marc:datafield tag="110" ind1="2" ind2=" ">
    <marc:subfield code="a">Státní zeměměřický a kartografický ústav</marc:subfield>
    <marc:subfield code="7">mzk20181002757</marc:subfield>
    <marc:subfield code="4">aut</marc:subfield>
  </marc:datafield>
  <marc:datafield tag="245" ind1="1" ind2="0">
    <marc:subfield code="a">Povodí Otavy</marc:subfield>
    <marc:subfield code="h">[kartografický dokument] /</marc:subfield>
    <marc:subfield code="c">zhotovil a vytiskl Státní zeměměřický a kartografický ústav v Praze za spolupráce vodohospodářské kanceláře minist. staveb. průmyslu</marc:subfield>
  </marc:datafield>
  <marc:datafield tag="255" ind1=" " ind2=" ">
    <marc:subfield code="a">Měřítko 1:75 000</marc:subfield>
  </marc:datafield>
  <marc:datafield tag="260" ind1=" " ind2=" ">
    <marc:subfield code="a">V Praze :</marc:subfield>
    <marc:subfield code="b">Státní zeměměřický a kartografický ústav,</marc:subfield>
    <marc:subfield code="c">[195-]</marc:subfield>
  </marc:datafield>
  <marc:datafield tag="300" ind1=" " ind2=" ">
    <marc:subfield code="a">3 mapy na 3 listech :</marc:subfield>
    <marc:subfield code="b">barev. ;</marc:subfield>
    <marc:subfield code="c">listy 75 x 104 cm</marc:subfield>
  </marc:datafield>
  <marc:datafield tag="651" ind1=" " ind2="7">
    <marc:subfield code="a">Otava (Česko : řeka : oblast)</marc:subfield>
    <marc:subfield code="7">ge130348</marc:subfield>
    <marc:subfield code="2">czenas</marc:subfield>
  </marc:datafield>
  <marc:datafield tag="651" ind1=" " ind2="7">
    <marc:subfield code="a">Čechy (Česko)</marc:subfield>
    <marc:subfield code="7">ge135869</marc:subfield>
    <marc:subfield code="2">czenas</marc:subfield>
  </marc:datafield>
  <marc:datafield tag="655" ind1=" " ind2="7">
    <marc:subfield code="a">hydrogeologické mapy</marc:subfield>
    <marc:subfield code="7">fd186758</marc:subfield>
    <marc:subfield code="2">czenas</marc:subfield>
  </marc:datafield>
  <marc:datafield tag="710" ind1="1" ind2=" ">
    <marc:subfield code="b">Ministerstvo stavebního průmyslu</marc:subfield>
    <marc:subfield code="a">Československo.</marc:subfield>
    <marc:subfield code="7">kn20050809006</marc:subfield>
    <marc:subfield code="4">oth</marc:subfield>
  </marc:datafield>
  <marc:datafield tag="856" ind1="4" ind2="1">
    <marc:subfield code="3">Digitalizovaný dokument</marc:subfield>
    <marc:subfield code="u">http://kramerius.cbvk.cz:8080/search/handle/uuid:3bf53419-00c9-11e5-b939-0800200c9a66</marc:subfield>
    <marc:subfield code="y">Digitalizovaný dokument</marc:subfield>
  </marc:datafield>
  <marc:datafield tag="910" ind1=" " ind2=" ">
    <marc:subfield code="a">CBA001</marc:subfield>
  </marc:datafield>
  <marc:datafield tag="911" ind1=" " ind2=" ">
    <marc:subfield code="a">CBA001</marc:subfield>
    <marc:subfield code="d">zdigitalizováno</marc:subfield>
    <marc:subfield code="u">http://kramerius.cbvk.cz:8080/search/handle/uuid:3bf53419-00c9-11e5-b939-0800200c9a66</marc:subfield>
  </marc:datafield>
</marc:record>
    </metadata>
  </record>
<resumptionToken expirationDate="2019-02-11T22:00:14Z" completeListSize="141" cursor="0">r3384069p876245:13</resumptionToken>
</ListRecords>
</OAI-PMH>
